3210 4912
399 1744 475 1828 De
502 1742 867 1846 assimilatione
897 1743 1194 1843 syntaotioa.

301 2088 416 2159 Quinto
429 2086 544 2145 saeculo
559 2106 585 2144 a.
600 2084 671 2144 Chr.
688 2088 720 2143 in
734 2085 857 2144 Graeoia
872 2085 971 2144 multa
988 2093 1020 2143 et
1035 2106 1147 2162 magna
1164 2092 1285 2145 mutata
1301 2093 1382 2145 sunt.
1473 2107 1475 2110 ⁴

213 2212 285 2271 Jam
319 2212 409 2271 initio
445 2210 553 2269 saeouli
588 2210 691 2268 Graeci
720 2209 758 2268 de
787 2209 903 2285 Persis,
929 2211 982 2284 qui
1008 2192 1067 2267 toti
1091 2212 1178 2286 genti
1202 2212 1384 2269 servitutem

212 2344 306 2412 atque
329 2337 489 2394 interitum
511 2335 719 2409 minabantur,
743 2333 927 2410 praeclaram
950 2341 1186 2411 reportaverant
1209 2336 1383 2411 victoriam,

213 2482 281 2536 quae
304 2461 444 2519 omuibus
461 2457 518 2518 sed
534 2460 691 2536 praecipue
709 2458 962 2531 Atheniensibus,
980 2460 1091 2534 quibus
1106 2458 1239 2517 victoria
1255 2461 1383 2517 maxime

196 2578 394 2659 'debebatun
418 2603 547 2661 magnos
572 2583 689 2640 animos
713 2581 821 2658 injecit
843 2582 1006 2656 elatosque
1023 2582 1164 2659 spiritus²
1182 2584 1293 2658 quibus
1309 2583 1384 2641 nihil

213 2729 272 2766 non
295 2728 386 2785 posse
409 2706 514 2785 perfici
538 2707 704 2767 videretur.
753 2707 791 2764 Iu
815 2726 849 2764 re
872 2706 997 2783 publiea
1013 2708 1173 2784 imperium
1190 2727 1207 2764 a
1223 2708 1384 2767 nobilitato

212 2833 251 2891 ad
286 2834 407 2909 plebem
442 2833 606 2891 transibat.
655 2829 755 2888 Infimi
783 2831 833 2889 vel
860 2831 998 2908 pessimi,
1027 2839 1062 2889 ut
1090 2830 1193 2890 Graeoi
1217 2833 1278 2908 ipsi
1302 2831 1384 2890 dioe-

212 2959 295 3034 bant,
332 2958 458 3034 optimis
493 2975 581 3032 pares
617 2974 684 3014 esse
719 2960 895 3031 coeperunt.
944 2955 1125 3032 Philosophi
1153 2975 1248 3015 novos
1276 2977 1384 3015 cursus

210 3083 366 3159 petebant.
414 3080 452 3137 Iu
477 3082 616 3139 omnibus
640 3081 733 3138 rebus
757 3081 836 3139 nov'a
852 3081 1025 3139 tentabant.
1061 3081 1102 3138 Et
1117 3101 1205 3139 novae
1222 3101 1273 3139 res
1288 3101 1384 3140 novas

211 3203 359 3280 loquendi
382 3201 497 3271 formas
521 3205 729 3279 requirebant.
749 3203 898 3286 ¹Accedit
922 3204 1004 3279 quod
1020 3204 1181 3262 literarum
1198 3205 1384 3264 domicilium

212 3349 248 3387 ex
271 3329 382 3388 ionicis
405 3329 533 3390 urbibus
559 3328 700 3386 Athenas
717 3328 904 3389 translatum
920 3336 977 3386 est.
1014 3328 1125 3404 Itaque
1144 3331 1259 3387 atticus
1276 3349 1383 3404 sermo,

212 3455 265 3527 qui
300 3453 339 3512 ad
371 3453 403 3511 id
437 3460 558 3529 tempus
586 3451 662 3511 nihil
685 3450 751 3510 fere
776 3454 836 3510 nisi
861 3453 899 3511 ad
925 3453 1034 3512 titulos
1058 3459 1090 3512 et
1112 3453 1198 3530 leges
1223 3455 1386 3513 scribenda

212 3578 370 3638 adhibitus
394 3577 558 3652 erat,ja1n
583 3583 651 3635 erat
674 3577 873 3652 excolendus,
898 3583 934 3635 ut
957 3597 1053 3637 novas
1072 3580 1264 3652 maximeque
1281 3578 1384 3639 varias

211 3722 261 3762 res
296 3704 470 3780 exprimere
505 3709 621 3778 posset.
668 3701 775 3776 Neque
798 3702 910 3761 mirum
935 3708 992 3779 est,
1018 3704 1044 3760 si
1070 3704 1167 3776 initio,
1194 3709 1278 3760 certe
1302 3702 1384 3778 apud

211 3828 347 3904 tragicos
381 3834 501 3903 poetas,
537 3826 630 3883 ionici
659 3827 809 3885 sermonis
833 3827 968 3900 vestigia
992 3826 1089 3885 multa
1114 3831 1329 3885 remanserunt
1361 3827 1383 3903 ).

285 4039 305 4099 ¹)
334 4038 523 4100 Tragioorum
543 4051 704 4084 sermonem
725 4038 800 4084 inter
818 4036 917 4085 Iadern
938 4042 967 4085 et
985 4037 1135 4086 Atthidem
1155 4038 1280 4087 medium
1299 4053 1386 4100 quen·

211 4128 276 4176 (lant
306 4126 400 4174 locum
430 4126 560 4174 obtinere
585 4130 614 4172 et
639 4124 809 4187 Sophoclem
832 4134 983 4189 poetarum
1003 4128 1212 4174 ionicissinuun
1233 4142 1295 4175 esse
1315 4127 1386 4175 dioit

211 4217 246 4266 H.
276 4214 446 4275 Wittekind,
478 4215 576 4262 Sermo
597 4211 781 4275 Sophocleus.
821 4214 994 4263 Dissertatio
1021 4214 1208 4277 inauguralis.
1246 4215 1385 4277 Budingan

212 4306 280 4353 1895
300 4306 375 4366 (pag.
397 4305 410 4351 1
431 4308 488 4367 ss.).
526 4303 568 4351 De
588 4303 723 4350 universo
744 4302 857 4350 (licendi
877 4318 981 4366 genere
1003 4303 1152 4367 Sophoclis
1173 4303 1216 4351 cfr
1237 4303 1383 4367 Campbnll

212 4391 367 4456 Sophocles
387 4392 401 4439 Ι
420 4391 513 4454 Essay
533 4407 570 4439 on
590 4391 637 4439 the
658 4390 813 4453 Larlguuge
832 4407 897 4454 pag.
919 4393 995 4441 1—8.
