3210 4912
260 281 302 337 50

215 437 405 497 substantivi
420 429 499 496 'esse
522 442 676 514 putamus,
702 437 784 511 quod
806 444 917 514 putare
940 437 1023 495 licet.
1065 437 1285 497 Schneidewin
1310 460 1388 498 com·

214 551 306 621 parat
341 544 420 602 Phil.
449 545 533 603 1-162
561 541 699 623 μηθενὸς
727 542 894 622 κρατύνων
918 544 984 605 ὅσα
1006 544 1121 622 πέμπει
1143 543 1305 624 βιύθωρος
1328 543 1390 606 αἶα.

305 651 341 708 Ο.
365 650 398 708 O.
426 651 489 709 583
513 651 555 711 τὰ
578 649 611 710 ἕν
634 652 724 728 μέσῳ
748 651 767 729 ἢ
790 645 912 731 λῆστιν
936 650 1044 732 ἴσχεις
1067 651 1086 730 ἢ
1112 649 1144 711 θί
1165 649 1295 718 οὐθενὸς
1310 657 1394 712 ποιεῖ
1448 726 1450 730 ,

220 788 252 805 ε
269 755 305 817 τὰ
330 757 364 818 ἕν
387 757 477 836 μέσῳ
501 758 520 836 ἢ
545 755 744 817 ἕπιλανθάνει
769 762 827 814 cet.
863 756 973 814 Potest
998 762 1099 814 tamen
1123 756 1158 817 τὰ
1183 757 1215 818 ἐν
1237 759 1328 837 μέσῳ
1344 757 1391 816 ita

215 864 375 941 explicari,
400 869 434 920 ut
455 862 519 939 jam
542 864 575 920 in
599 862 647 920 his
671 863 833 921 vocabulis
856 862 1094 939 pronuntiandis
1117 866 1272 940 posterius
1296 883 1387 922 mem-

214 972 302 1029 brum
328 969 361 1031 di
382 967 513 1036 οὐθενὸς
535 974 618 1030 ποιεῖ
638 975 738 1045 poetae
762 971 863 1028 animo
887 969 1086 1027 obversatum
1110 971 1160 1029 sit.
1197 970 1342 1030 Ceterum
1357 973 1389 1029 in

214 1076 262 1134 his
284 1070 436 1152 exemplis
461 1074 662 1134 accusativus
686 1075 718 1132 in
742 1082 851 1133 neutro
875 1077 1065 1152 pronominis
1090 1082 1149 1153 est,
1175 1097 1236 1152 qua
1259 1096 1293 1135 re
1312 1077 1389 1136 faci-

216 1183 278 1240 lius
302 1202 371 1240 eum
393 1183 541 1259 patimur.
588 1180 644 1239 ufr
667 1181 794 1256 Kriiger
817 1182 903 1244 Poet.
930 1181 960 1239 S.
987 1184 1038 1253 46,
1065 1184 1115 1260 18,
1141 1186 1169 1242 3.

292 1287 365 1346 ·Tr.'
384 1289 448 1347 996
474 1288 543 1348 οἵαν
565 1283 596 1369 μ’
623 1285 715 1350 ἔθου
738 1272 860 1369 λώβαν
879 1319 909 1336 =
928 1288 974 1356 ὡς
996 1289 1027 1368 μ’
1054 1288 1218 1370 ἐλωβησω.
1264 1289 1388 1349 Schnei-

215 1396 317 1454 dewin
353 1407 385 1453 et
421 1388 474 1453 alii
508 1400 767 1453 commentatores
803 1393 968 1453 conferunt
1003 1394 1120 1456 θέσθαι
1155 1395 1205 1454 vel
1233 1397 1390 1458 ποιεῖσθαι

216 1501 344 1581 γέλωτα,
380 1501 512 1582 λάσθην,
536 1501 651 1581 χλεύην
673 1501 747 1562 τινά.
793 1501 913 1559 Dicunt
937 1501 1019 1578 apud
1043 1501 1180 1578 tragicos
1204 1511 1312 1579 poetas
1336 1524 1390 1562 no-

212 1586 339 1667 tionem
363 1608 513 1685 simplicis
538 1609 624 1666 verbi
648 1608 801 1667 locutione
825 1626 863 1666 ex
886 1608 981 1666 verbo
1006 1613 1037 1666 et
1061 1609 1256 1668 substantivo
1278 1609 1390 1686 juncta

215 1735 297 1792 saepe
339 1716 553 1774 circumscribi
589 1716 671 1772 sicut
706 1713 849 1794 σπονδὴν
884 1713 1026 1776 τίθεσθαι
1060 1735 1116 1792 pro
1152 1716 1390 1788 σπουδάζεσθαι

216 1823 280 1901 (Αἱ.
309 1821 372 1900 13).
420 1822 523 1880 Recte
558 1821 616 1879 hoc
651 1822 787 1882 dicitur„
823 1821 884 1879 Sed
920 1823 995 1896 quid
1031 1822 1146 1899 obstat,
1182 1825 1257 1897 quin
1279 1822 1391 1905 λώβαν

216 1929 379 2005 praedicati
405 1929 602 1986 accusativus
627 1947 696 1986 esse
719 1929 865 2005 putetur?
897 1928 978 1986 Nam
998 1928 1129 2004 legimus
1147 1929 1183 1988 Ο.
1201 1930 1241 1988 R.
1262 1932 1345 1989 1452
1363 1950 1388 1989 s.
1425 1949 1432 1958 ·

210 2034 392 2116 Κιθαιρών,
429 2036 465 2095 ὃν
483 2073 495 2082 -
513 2031 675 2116 ἐθέσθην
698 2034 807 2113 τάφον,
833 2041 865 2093 et
890 2035 925 2094 Ο.
945 2034 979 2094 Ο,
1005 2036 1068 2093 902
1093 2055 1118 2094 s.
1143 2035 1190 2104 ὡς
1211 2036 1256 2116 μὴ
1280 2034 1392 2120 γέλως

215 2142 280 2220 ἐγὼ
305 2142 386 2220 ξένῳ
409 2143 565 2225 γένωμαι
588 2140 678 2220 reida,
703 2141 756 2198 ubi
780 2140 898 2220 γέλωτα
922 2140 1066 2220 γενέσθαι
1089 2142 1248 2219 passivum
1264 2143 1389 2202 videtur

214 2264 284 2307 esse
319 2247 485 2307 locutionis
521 2247 640 2326 γέλωτα
675 2247 791 2308 θέσθαι
824 2248 897 2308 τινά.
953 2248 1112 2308 Praeterea
1145 2251 1177 2306 in
1213 2249 1388 2326 hujusmodi

111 2382 116 2393 ·
215 2355 364 2432 exemplis
401 2356 501 2413 omnia
531 2356 561 2410 in
586 2373 622 2411 eo
646 2362 820 2427 versantur,
846 2354 997 2430 quomodo
1022 2355 1142 2430 antiqui
1166 2356 1304 2416 homines
1327 2357 1390 2434 ipsi

215 2461 382 2537 senserint,
419 2460 501 2536 quod
537 2461 625 2518 nobis
660 2459 788 2519 difficile
824 2467 874 2519 est
903 2460 1086 2538 dijudicare.
1135 2462 1198 2521 Sed
1221 2470 1392 2539 utcumque

214 2588 265 2626 res
290 2588 324 2626 se
348 2568 453 2653 habet,
478 2568 529 2626 vix
554 2568 629 2625 licet
653 2588 722 2626 cum
745 2568 886 2645 Kriigero
911 2569 1011 2648 (Poet.
1038 2569 1067 2627 S.
1094 2571 1145 2646 46,
1166 2572 1216 2646 18,
1237 2570 1267 2649 1.)
1286 2564 1400 2632 abhis

214 2675 363 2751 exemplis
387 2694 533 2751 separare
557 2675 741 2751 locutiones,
766 2675 875 2749 quales
898 2682 971 2734 sunt
993 2675 1048 2756 τὴν
1067 2677 1178 2755 χώραν
1193 2677 1276 2738 λείαν
1291 2683 1388 2739 ποιεῖ·
1460 2741 1462 2744 ⁴

214 2782 298 2851 σθαι,
322 2780 358 2841 τὰ
383 2780 569 2860 ἀνδράποδα
594 2779 740 2860 ἁρπαγὴν
762 2782 926 2843 ποιεῖσθαι.

304 2888 342 2946 Ια
377 2887 537 2962 exemplis,
570 2907 637 2961 quae
662 2886 725 2963 jam
751 2887 889 2965 astaram,
915 2888 1067 2965 ejusmodi
1090 2887 1288 2948 difficultatis
1312 2889 1389 2949 effu-

213 2996 297 3071 gium
320 3014 381 3052 non
406 2999 463 3051 est.
510 2993 559 3050 De
583 2993 740 3051 nonnullis
764 2995 899 3053 editores
922 2995 1015 3054 valde
1039 2995 1223 3054 dubitarunt
1239 3004 1272 3055 et
1287 3017 1389 3056 emen-

214 3101 358 3159 dationes
383 3081 620 3176 proposuerimt.
669 3101 731 3158 Sed
754 3109 789 3159 ut
812 3103 844 3159 in
867 3102 1002 3160 insolitis
1026 3102 1193 3161 structuris
1219 3105 1303 3162 cauti
1319 3123 1388 3162 esse

214 3207 372 3281 debemus,
408 3208 453 3265 ita
477 3207 676 3266 considerare
702 3213 825 3284 oportet
848 3208 1045 3281 locutionem,
1069 3209 1212 3284 quamvis
1235 3212 1389 3268 inusitata

215 3317 266 3391 sit,
292 3313 428 3373 fortasse
453 3313 546 3373 facile
571 3316 709 3391 expediri
734 3335 835 3392 posse,
861 3317 887 3374 si
911 3318 1071 3391 sciremus,
1093 3314 1167 3389 quid
1182 3318 1215 3374 in
1232 3316 1389 3375 scribendi

214 3428 365 3480 momento
400 3423 432 3478 in
468 3423 570 3479 animo
606 3431 706 3498 poetae
736 3422 911 3481 accidisset.
959 3422 1047 3480 Sicut
1069 3422 1118 3480 El.
1148 3425 1231 3481 1377
1256 3443 1279 3481 s.
1305 3423 1325 3503 ἥ
1350 3441 1390 3484 σε

213 3526 312 3588 πολλὰ
349 3527 387 3607 δὴ
418 3528 470 3607 ἀφ’
497 3525 544 3589 ὧν
567 3529 670 3608 ἔχοιμι
693 3525 838 3612 λιπαρεῖ
856 3530 1037 3610 προύστην
1059 3532 1147 3611 χερί.
1194 3528 1271 3587 Cum
1294 3537 1389 3607 poeta

214 3658 247 3695 σε
283 3635 433 3693 scriberet
467 3635 517 3693 vel
540 3637 644 3711 potius
669 3637 700 3692 in
726 3637 825 3692 animo
849 3633 1008 3710 formaret,
1033 3654 1132 3693 nonne
1156 3644 1222 3692 tum
1244 3635 1312 3694 fieri
1335 3635 1387 3711 po-

187 3743 189 3746 ’
215 3743 286 3818 tuit,
322 3748 357 3799 ut
381 3741 511 3817 simplex
535 3743 662 3799 verbum
687 3762 734 3800 ex,
759 3761 804 3816 gr.
831 3741 975 3802 ἱκετεύειν
999 3744 1093 3800 menti
1117 3741 1183 3817 ejus
1208 3743 1387 3800 obversare-

215 3852 275 3924 tur,
311 3847 394 3923 quod
429 3852 541 3924 postea
577 3849 747 3924 composita
781 3848 937 3906 locutione
973 3847 1097 3927 danapri
1127 3849 1287 3929 προύστην
1321 3848 1391 3928 χερί

214 3959 468 4030 summoveretur,
506 3956 619 4030 quippe
644 3974 712 4029 quae
736 3975 801 4013 rem
826 3957 963 4031 apertius
987 3956 1044 4014 sub
1070 3955 1175 4013 oculos
1200 3954 1387 4031 subjiceret?

215 4061 257 4118 Et
281 4081 355 4120 casu
380 4080 484 4118 omnes
509 4060 661 4135 analogiae
685 4065 850 4119 structurae
876 4067 950 4120 ortae
974 4068 1056 4120 sunt.
1103 4061 1163 4120 Sed
1188 4063 1313 4120 stabant
1334 4069 1388 4120 aut

215 4167 378 4243 cadebant,
414 4173 507 4244 prout
530 4165 570 4225 iis
595 4187 671 4243 opus
696 4176 764 4225 erat
788 4174 818 4226 et
843 4168 1042 4236 audientibus
1065 4168 1243 4244 placebant.
1291 4168 1387 4226 Forte

214 4275 357 4349 provenit
393 4273 454 4334 θέει
489 4273 637 4334 τεθνάναι
670 4274 745 4345 τινά,
770 4274 852 4349 quod
877 4277 955 4333 satis
980 4275 1130 4333 audacter
1153 4275 1245 4332 credo
1269 4275 1388 4333 dictum

214 4385 272 4438 est.
321 4379 384 4438 Sed
418 4379 459 4438 ad
493 4399 643 4438 summum
677 4386 792 4440 metum
827 4381 1057 4458 exprimendum
1086 4382 1279 4457 aptissimum
1308 4385 1386 4455 erat,
