3210 4912
1222 270 1259 327 77

133 435 190 488 991.
239 428 329 498 Quod
353 426 456 486 Wolff
477 428 518 486 ad
542 427 578 488 0.
606 427 640 489 C.
667 430 730 486 216
756 428 832 486 dicit
857 429 938 505 apud
961 428 1129 487 Homerum
1154 429 1306 506 ejusmodi

132 537 304 594 locutiones
329 534 422 593 aliter
445 554 478 593 se
501 535 624 609 habere,
649 555 715 594 mco
733 530 858 610 quidem
873 535 989 612 judicio
1006 535 1085 593 nihil
1101 535 1189 594 dicit.
1225 536 1306 594 Nam

133 644 159 701 si
193 645 226 699 in
251 644 404 719 formula
438 642 1018 717 991199191999999199991,9911119
1044 662 1080 701 99
1104 644 1214 701 mirum
1238 643 1305 702 est?

133 748 216 807 Jebh
241 749 280 806 ad
304 747 339 807 Ο,
365 747 399 807 O.
426 747 623 807 91619199
654 748 740 818 what
767 750 794 806 is
819 755 850 806 to
873 749 999 807 become
1024 747 1145 807 911991
1178 748 1229 806 Ad
1253 750 1305 807 Tr«,

134 858 196 923 973
233 864 336 915 tamen
371 853 607 914 deliberativum
629 847 788 931 appellat.
815 890 856 896 —-
881 854 997 912 Contra
1020 872 1131 914 9911119
1156 854 1306 914 delibera-

132 964 231 1023 tivum
267 963 419 1039 conjunct.
434 1009 439 1025 2
455 962 642 1039 reperimus
661 961 693 1019 in
728 947 821 1020 tertia
849 980 979 1038 persona
1004 980 1072 1032 cum
1096 958 1305 1037 9199191191.

132 1093 175 1138 τις
202 1071 251 1127 Α1.
283 1071 348 1128 404
376 1075 433 1129 ποῖ
457 1091 500 1136 τις
528 1065 586 1129 οὗν
615 1067 719 1148 φύγῃ,
755 1067 790 1127 Ο.
816 1066 850 1126 O.
879 1069 941 1126 170
973 1072 1031 1128 ποῖ
1061 1090 1105 1135 τις
1140 1068 1308 1147 φροντίδος

133 1175 210 1256 ἔλθῃ
217 1200 227 1249 ,·
253 1212 293 1218 -
317 1176 421 1245 Etiam
445 1178 620 1251 structurae,
640 1194 708 1249 9999
733 1180 781 1232 991
799 1173 835 1232 Ο.
854 1173 887 1233 O.
909 1175 972 1244 174
987 1174 1032 1254 μὴ
1050 1174 1118 1254 θῆτ’
1139 1171 1307 1258 ἀθικηθῶ

123 1291 166 1347 et
201 1283 341 1342 similiter
377 1282 428 1340 Tr.
459 1282 523 1339 802
558 1278 774 1361 πόρθμευσον,
807 1280 897 1361 μηδ”
915 1281 1011 1342 αὐτοῦ
1039 1277 1155 1361 θάνω,
1185 1284 1306 1340 etiamsi

135 1390 260 1449 insolita
295 1397 352 1465 991,
390 1387 472 1466 apud
506 1388 672 1458 Homerum
698 1365 868 1450 similitudo
892 1387 1063 1461 invenitur,
1087 1389 1127 1448 Il.
1153 1380 1236 1446 1'26
1260 1390 1306 1469 μή

135 1519 169 1595 οε
182 1535 195 1544 -
209 1489 249 1545 -4-
266 1496 402 1580 κιχείω,
408 1531 448 1537 -
473 1493 629 1576 Fortasse·
649 1480 696 1551 91Ι
710 1492 842 1569 Ι9911999
871 1515 931 1553 999
955 1501 1113 1553 structura
1136 1494 1308 1573 repetenda

135 1588 311 1693 99191199]
345 1602 424 1660 Phil
454 1603 519 1660 300
546 1599 624 1681 φέρε
652 1606 708 1662 νῦν
735 1600 788 1662 καὶ
815 1600 849 1662 τὸ
877 1608 930 1682 τῆς
954 1602 1050 1664 νόσου
1074 1601 1204 1686 μάθῃς.
1253 1602 1308 1662 Osi
1364 1678 1367 1682 .

23 1771 25 1774 ,
134 1697 260 1808 Brugm.
286 1704 360 1768 Gr.2
386 1709 447 1767 165
470 1713 502 1766 et
521 1707 681 1766 Dclbriick
706 1707 793 1787 Synt
818 1708 853 1765 F.
880 1707 925 1766 IV
949 1729 1020 1786 pag.
1041 1711 1103 1768 117
1108 1731 1185 1786 991
1201 1710 1306 1769 volun

135 1803 266 1876 tatinum
295 1815 448 1892 conjunct.
475 1794 600 1882 etiam'
593 1834 625 1872 m
649 1813 800 1872 tertiaet
787 1814 961 1873 tsecunda
983 1818 1124 1892 personis
1147 1818 1179 1874 in
1202 1837 1308 1892 graeoa

134 1923 239 1997 lingua
275 1921 441 1997 aliquando
476 1927 656 1997 usurpatum
692 1921 792 1979 191999
817 1940 897 1979 exa
879 1921 1007 1979 aliarum
1031 1921 1204 1998 linguarum
1229 1943 1305 1981 com·
1352 1996 1359 2014 .

135 2031 295 2106 paratione
331 2027 488 2087 concludit
522 2026 655 2102 indeque
679 2026 760 2102 quod
784 2028 816 2085 in
839 2029 994 2111 negativis
1018 2031 1187 2088 enuntiatis
1210 2031 1307 2088 usita-

135 2136 273 2195 tissimus
296 2120 353 2193 est.
402 2133 554 2192 Teurnier
577 2135 608 2191 in
633 2135 704 2192 adn.
730 2133 806 2192 dicit
828 2133 939 2215 μάθῃς
961 2137 993 2193 19
1014 2136 1212 2213 conjunctivo
1227 2157 1306 2211 esse⁷

135 2248 171 2301 ut
204 2233 287 2317 quod
322 2241 402 2300 idem
438 2247 530 2316 91999
564 2237 655 2303 εἴπω
689 2242 740 2299 sit.
789 2240 867 2299 Tum
891 2240 1036 2319 analogia
1059 2244 1108 2301 hic
1132 2250 1226 2319 esset,
1251 2245 1306 2303 sed

135 2356 301 2424 utcumque
331 2369 364 2408 se
392 2368 441 2406 res
465 2349 568 2425 habet,
593 2347 625 2405 id
649 2355 793 2425 reputare
819 2356 941 2425 oportet
964 2338 1104 2408 hebitmn
1127 2352 1224 2410 totius
1247 2351 1308 2410 loci

136 2458 265 2514 eundem
291 2475 360 2514 9999
384 2452 480 2530 atque
503 2475 570 2513 cum
595 2455 695 2532 prima
717 2475 850 2532 persona
875 2455 1062 2531 conjunctivi
1086 2457 1192 2516 eodem
1214 2479 1308 2517 99999

137 2569 304 2641 usurpatur
340 2562 431 2642 (φέρε
453 2562 603 2642 -μάθῃς,
639 2562 717 2641 φέρε
738 2602 751 2610 -
776 2563 877 2642 εἴπω).
924 2562 1035 2669 Nauck
1070 2583 1107 2621 ex
1146 2564 1309 2622 deteriori-

137 2673 193 2729 bus
229 2669 387 2728 codicibus
421 2665 517 2750 μαθέ
550 2670 680 2745 recepit,
710 2670 760 2743 991
786 2671 944 2727 19919919
970 2669 1082 2744 191119
1105 2670 1222 2728 minimi
1245 2692 1307 2730 mo-

137 2778 232 2835 menti
257 2783 338 2834 sunt.
386 2775 466 2834 Nam
488 2775 598 2856 μάθῃς
621 2777 653 2832 19
675 2775 763 2854 μαθέ
787 2797 805 2834 9
829 2782 1003 2834 correctore
1029 2776 1133 2850 aliquo
1154 2786 1307 2834 mutatum

137 2902 206 2941 9999
240 2881 333 2941 facile
369 2866 584 2957 intelligimus,
622 2882 753 2940 alterum
790 2890 900 2957 autem,
937 2902 991 2941 cur
1021 2883 1110 2962 μαθέ
1137 2886 1169 2940 19
1197 2883 1308 2964 μάθῃς

137 2996 314 3066 corruptum
347 2991 398 3065 sit,
422 2991 523 3047 minus
547 2989 658 3048 elucet.
707 2989 748 3047 Et
772 2989 912 3048 firmatur
934 2989 1045 3070 μάθῃς
1069 2990 1183 3048 9911919
1208 2999 1306 3049 struo-

137 3103 208 3155 tura
243 3097 433 3163 Phillosa
464 3117 488 3155 s.
525 3096 585 3156 εἴθ’
613 3096 742 3174 αἰθέρος
765 3096 834 3157 ἄνω
862 3096 1099 3164 arausionen-
1126 3094 1233 3159 ἕλωσι
1256 3121 1307 3178 με,
1398 3166 1401 3170 ⁸

136 3206 190 3262 ubi
223 3206 317 3262 tertia
349 3224 482 3281 persona
510 3202 699 3279 conjunctivi
724 3203 763 3260 ad
786 3204 978 3262 voluntatem
1001 3204 1183 3263 Philocteta
1208 3208 1307 3282 expri-

136 3311 276 3369 mendam
302 3310 476 3369 adhibetur.
524 3308 716 3384 Quamquam
740 3310 769 3368 h.
794 3310 815 3368 l.
840 3312 1016 3386 plures0res
1040 3318 1122 3385 sunt,
1139 3331 1208 3386 quae
1226 3313 1309 3371 codi-

137 3438 203 3474 cum
239 3419 425 3493 scripturam
461 3418 584 3475 dubiam
620 3417 763 3475 reddant.
805 3416 858 3476 cfr
887 3418 1035 3494 exempla,
1070 3439 1139 3493 9999
1174 3418 1307 3477 afferun-

136 3533 185 3581 tur
221 3524 326 3582 Kuhn
353 3525 388 3581 Π
418 3526 492 3600 394
519 3525 547 3599 7,
580 3512 733 3582 11911191
759 3525 779 3581 l.
806 3544 844 3582 ex
870 3523 969 3583 Cauer
992 3525 1062 3583 Del
1089 3521 1208 3583 199919
1233 3528 1308 3599 2114,

137 3634 172 3687 a]
204 3651 244 3688 ss.

223 3758 254 3818 γ.
301 3738 340 3794 lu
365 3739 507 3812 optatius.
554 3736 644 3807 Quod
669 3737 718 3793 hic
734 3737 844 3794 modus
860 3738 1025 3813 potentiali
1042 3758 1136 3797 sensu
1153 3738 1307 3798 interdum

136 3842 203 3902 sine
227 3843 382 3920 particula
407 3845 450 3905 ἄν
474 3853 650 3920 usurpatur,
676 3846 769 3901 etiam
793 3845 825 3901 id
851 3847 887 3903 ab
906 3847 1032 3919 9911999
1051 3852 1189 3923 tempore
1207 3849 1307 3904 oriun-

137 3949 207 4007 dum
244 3956 292 4007 est
328 3950 448 4025 (llonro
482 3950 573 4008 Hom.
604 3949 656 4006 Gr.
688 3951 750 4007 295.)
779 3948 802 4009 f.
833 3951 937 4009 Kuhn.
964 3953 1037 4024 395,
1064 3955 1159 4011 3-9.
1207 3954 1307 4031 Kriig.

136 4059 221 4116 Poet.
257 4056 287 4115 S.
326 4059 377 4127 54,
414 4059 444 4132 3,
483 4058 577 4114 7-1).
635 4056 796 4114 Delbriick
832 4057 918 4134 Synt.
955 4058 990 4115 F.
1027 4059 1043 4115 1
1077 4060 1218 4136 passim).
1267 4061 1307 4119 Et

137 4184 319 4239 9991999919
356 4165 392 4222 de
427 4164 486 4222 hac
519 4184 552 4222 re
584 4184 646 4221 non
674 4184 774 4220 meum
799 4171 846 4221 991
871 4185 973 4241 agere,
1000 4177 1101 4224 tamen
1125 4187 1306 4243 persuasum

137 4270 212 4327 mihi
244 4280 291 4330 est
318 4274 350 4329 in
375 4271 526 4346 ejusmodi
552 4271 700 4347 exemplis
725 4271 927 4330 emendandis
953 4275 1129 4332 cautissime
1155 4274 1308 4348 agendum

138 4397 215 4435 osse.
242 4413 283 4419 —
309 4378 357 4434 At
387 4379 551 4436 Homerico
580 4398 640 4436 999
668 4384 768 4435 restat
791 4379 884 4435 etiam
909 4381 1065 4455 optativus
1089 4382 1120 4439 in
1145 4381 1309 4440 9119911919
