3210 4912
1257 278 1296 334 61

168 436 361 517 ἀψόφητος
394 433 609 512 κωκύματων,
637 453 666 490 v.
693 435 755 491 909
782 434 963 516 ἄφρακτος
996 433 1107 513 φίλων,
1143 434 1252 512 fragm.
1282 437 1345 492 174

168 540 270 607 ἄνθος
293 536 431 600 ἄλυπον
454 539 551 606 ἀνίας.
587 537 642 596 Otr
658 540 705 596 El.
725 540 786 595 241
806 559 831 597 s.
855 542 992 622 γονέων
1012 542 1175 622 ἐκτίμους
1190 542 1345 621 πτέρυγας

169 646 269 726 γόοιντ
300 647 470 722 genitivum
499 647 539 703 ad
563 645 623 706 ἒκτ.
649 645 791 704 similiter
815 648 950 723 positum
975 654 1067 722 atque
1093 656 1163 724 post
1187 648 1343 725 adjectiva

148 775 188 832 ια
212 754 364 829 privativo
390 754 562 828 composita
585 759 676 829 putat
699 753 791 810 Jebb.
864 783 868 790 ·

305 1016 392 1082 XII.
440 1022 489 1079 De
513 981 771 1080 assimilatione
795 1038 985 1094 comprom.
1011 1023 1045 1080 in
1071 1023 1204 1081 dativo.

154 1218 159 1226 ι
257 1200 289 1239 α.
338 1180 541 1239 Substantias
564 1179 723 1237 interdum
746 1181 777 1236 in
801 1199 904 1255 graeoa
926 1181 1034 1257 lingua
1058 1201 1126 1239 cum
1150 1181 1257 1240 dativo
1275 1181 1344 1258 jun-

167 1298 293 1362 guntur.
340 1285 442 1361 Hujus
470 1285 569 1343 dativi
592 1285 653 1344 duo
677 1305 794 1362 genera
815 1292 897 1348 sunt,
946 1289 1011 1347 Ant
1036 1288 1116 1346 enim
1141 1288 1344 1346 similitudine

167 1393 256 1451 verbi
280 1391 413 1468 alicujus
438 1398 493 1450 aut
517 1390 675 1468 adjectivi
701 1413 832 1466 quocum
856 1393 1085 1452 substantivum
1106 1414 1216 1469 regens
1234 1415 1345 1472 cogna-

168 1507 232 1557 tum
257 1505 314 1575 est,
339 1498 392 1555 ille
417 1518 508 1556 casus
533 1497 680 1571 efficitur,
706 1487 762 1558 uod
785 1499 851 1557 haee
875 1506 1034 1558 structura
1057 1521 1225 1577 progressu
1249 1486 1365 1578 expli*

169 1606 269 1664 oanda
291 1611 339 1664 est
363 1605 430 1681 ejus
455 1624 541 1680 usus,
567 1625 627 1680 quo
651 1603 904 1679 frequentissime
928 1627 996 1664 oum
1011 1605 1200 1668 verbositas
1218 1609 1346 1667 dativus

167 1715 347 1790 possessivo
371 1732 465 1770 sensu
489 1712 690 1788 conjungitur
716 1713 855 1789 (Brugm.
882 1709 951 1772 Gr.2
976 1715 1046 1772 185.
1083 1714 1264 1790 Brugmann
1284 1715 1345 1772 Ein

168 1818 312 1877 Problem
348 1819 403 1876 dor
438 1818 529 1877 Hom.
567 1819 745 1877 Textkritik
776 1839 847 1894 pag.
880 1821 941 1878 139
972 1839 1013 1878 ss.
1050 1820 1158 1879 Delbr.
1184 1820 1214 1879 S.
1239 1822 1275 1880 F.
1300 1822 1345 1880 IV

168 1945 239 2003 pag.
265 1927 307 1983 54
332 1927 360 2002 b,
387 1925 490 2001 Vergl.
517 1925 604 2001 Synt.
630 1946 700 2002 pag.
728 1927 801 2000 294,
828 1927 891 1983 303
916 1945 956 1984 ss.
1005 1926 1109 1985 Kuhn.
1135 1928 1171 1984 Π
1193 1929 1267 2005 424,
1293 1930 1344 1987 ubi

168 2034 266 2091 multa
301 2032 441 2108 exempla
478 2033 574 2109 sunt).
622 2032 741 2090 Prioris
775 2032 900 2108 generis
924 2035 1065 2111 exempla
1089 2041 1177 2093 sunt:
1203 2035 1255 2094 Tr.
1281 2036 1345 2094 668

168 2144 234 2200 τῶν
257 2143 325 2199 σῶν
343 2133 514 2221 Ἡρακλεῖ
534 2136 764 2221 δωρημάτων.
811 2139 887 2197 Cum
911 2141 969 2199 hoo
993 2141 1059 2200 loeo
1083 2140 1220 2200 conferre
1237 2161 1344 2218 possu-

169 2266 236 2304 mus
272 2246 324 2304 Τι’.
350 2247 413 2303 872
444 2244 552 2324 δῶρον
576 2240 751 2328 Ἡρακλεῖ
775 2246 809 2307 τδ
833 2249 1028 2329 πόμπιμον,
1052 2250 1105 2306 ubi
1130 2247 1239 2324 adjeot.
1264 2248 1345 2327 πόμ-

168 2376 264 2432 πιμον
287 2352 407 2410 verbali
430 2372 523 2411 sensu
546 2373 601 2429 pro
625 2354 776 2432 πεμφδέν
795 2356 931 2430 positum
948 2355 1086 2413 dativum
1104 2357 1192 2432 regit.
1212 2392 1253 2398 —-
1271 2355 1344 2412 Ant.

171 2461 235 2518 862
261 2479 285 2518 s.
310 2461 511 2541 κοιμήματα
545 2459 752 2539 αδτσγέννητα
789 2459 863 2539 ἀμῴ
897 2462 1003 2543 πατρὶ
1027 2460 1192 2540 δυσμόρου
1215 2460 1345 2541 ματρός,

170 2568 223 2625 ubi
254 2567 437 2646 κοιμήματα
466 2587 534 2624 oum
562 2565 666 2625 dativo
687 2566 830 2643 jungitur
854 2567 962 2625 eodem
986 2588 1077 2626 sensu
1102 2575 1196 2643 atque
1219 2570 1346 2626 verbum
1451 2618 1455 2623 .

171 2673 344 2754 κοιμᾶσθαι
368 2673 496 2731 Hesiod.
536 2673 591 2731 Th.
618 2674 681 2730 213
707 2674 745 2733 οὔ
768 2694 836 2734 τινι
858 2671 1075 2756 κοιμηθεῖσα
1098 2674 1158 2735 δεδι
1182 2676 1251 2736 τέκε
1274 2673 1347 2745 Νὺξ

172 2779 327 2860 ἐρεβεννή.
374 2779 478 2837 Etiam
514 2780 605 2856 paulo
641 2799 745 2856 supra,
782 2780 856 2837 Ant.
894 2782 957 2838 859
994 2801 1037 2839 ss.
1074 2786 1128 2841 τοῦ
1164 2780 1346 2860 πρόπαντος

171 2885 325 2966 ἁμετέρου
359 2889 496 2968 πότμου
531 2885 663 2954 κλεινοῖς
697 2883 980 2968 Λαβδακίδαισιν
1015 2888 1155 2946 dativum
1186 2908 1221 2946 eo
1252 2889 1345 2946 oredo

169 2995 361 3069 provenisse,
398 2993 480 3068 quod
515 3012 552 3050 ex
586 2996 707 3052 nomine
742 2993 866 3074 πότμου
902 2995 1038 3053 verbalis
1074 2997 1160 3054 notio
1194 2996 1230 3062 ὃς
1257 2995 1347 3055 ἔπεσε

172 3101 273 3157 animo
308 3107 408 3177 poetae
445 3102 611 3159 obversata
646 3107 705 3159 est.
755 3101 872 3159 Contra
905 3103 1085 3185 ἁμετέρου,
1115 3103 1198 3178 quod
1222 3101 1347 3160 eosdem

171 3206 370 3265 Labdacidas
395 3206 560 3283 significat,
587 3207 624 3265 de
649 3209 773 3284 proprio
799 3228 873 3266 oasu
897 3228 958 3266 non
983 3208 1135 3285 dejectum
1159 3216 1218 3286 est,
1243 3211 1288 3267 ita
1312 3213 1347 3265 ut

172 3311 310 3372 oont'usio
334 3313 463 3372 duarum
488 3318 714 3372 structurarum
737 3314 766 3372 h.
792 3314 812 3372 l.
839 3315 1006 3374 statuenda
1031 3317 1080 3374 sit.
1107 3353 1148 3358 —
1174 3317 1279 3374 Etiam
1302 3316 1346 3372 in-

171 3420 367 3478 strumentali
390 3422 421 3479 vi
445 3420 570 3478 dativus
594 3426 667 3495 post
690 3423 920 3479 substantivum
943 3422 1085 3496 sequitur
1108 3422 1142 3480 Ο.
1163 3422 1196 3482 Ο.
1219 3425 1302 3481 1926
1321 3443 1345 3480 s.

170 3525 208 3586 τὰ
232 3523 327 3607 δόλῳ
350 3533 395 3605 τῷ
417 3525 461 3605 μὴ
487 3526 600 3605 δικαίῳ
624 3527 780 3606 arripare:
805 3528 949 3607 κτήματα
975 3528 1061 3607 δόλῳ
1084 3528 1248 3608 κτηθέντα.

262 3633 402 3691 Alterius
437 3634 557 3706 generis
593 3633 719 3691 dativus
756 3646 805 3691 est
839 3634 888 3691 El.
915 3636 977 3692 343
1012 3635 1135 3695 ἅπαντα
1171 3654 1228 3695 σοι
1262 3633 1345 3713 τάμὰ

171 3739 399 3820 νουθετήματα.
445 3739 524 3796 Nam
559 3741 774 3816 interpretatio
810 3741 875 3798 haeo
912 3747 974 3798 est:
1011 3743 1112 3799 omnia
1147 3761 1215 3815 qua
1240 3747 1275 3798 tu
1299 3761 1346 3798 me

174 3846 370 3916 admonuisti,
407 3848 452 3903 ita
487 3853 522 3903 ut
558 3865 615 3906 σοι
650 3845 832 3922 subjeetum,
868 3849 959 3929 τάμά
987 3847 1139 3924 objectum
1164 3846 1346 3906 admonendi

172 3954 308 4011 notionis
344 3948 573 4029 signifioerrt¹).
627 3952 668 4009 Et
704 3952 847 4010 similiter·
883 3952 985 4011 Wolff
1017 3954 1154 4030 explicat
1181 3953 1228 4011 El.
1261 3954 1345 4010 1069

173 4057 201 4120 (δ
236 4059 350 4139 χθονία
383 4056 544 4141 βροτοῖσι
572 4058 674 4137 φάμα,
707 4061 752 4117 ita
777 4066 812 4117 ut
835 4061 970 4140 βροτοῖσι
995 4061 1132 4118 dativum
1157 4060 1346 4137 possessoris

264 4215 284 4280 ¹)
313 4218 389 4264 Fieri
414 4222 517 4280 potest7
538 4223 568 4264 ut
588 4214 648 4265 hmo
670 4224 816 4266 struotura
836 4234 870 4266 ox
890 4221 1008 4282 antiquo
1029 4234 1082 4267 usu
1102 4220 1235 4281 supersit.
1273 4217 1345 4265 Num

174 4306 273 4354 formae
296 4327 343 4364 μοι,
359 4327 402 4359 σοι,
423 4311 446 4350 σί
468 4307 555 4353 etiam
584 4307 705 4364 genitivi
736 4306 859 4356 fuerunt.
903 4307 953 4355 Ofr
976 4306 1122 4355 Delbriirk
1146 4305 1241 4368 Vergi.
1267 4306 1346 4366 Synt.

173 4410 237 4457 pag.
256 4395 308 4443 462
328 4410 359 4458 s„
378 4395 429 4443 481
450 4411 481 4457 s,
502 4394 617 4457 Brngm.
638 4393 705 4444 (4122
726 4396 776 4442 185
796 4401 867 4445 extr.
