3210 4912
1255 261 1401 351 41„

167 419 256 476 nicht
280 419 456 495 apposition
480 438 518 475 zu
540 417 605 497 ἐμέ,
630 417 762 476 sondern
787 439 825 476 zu
849 403 919 475 dem
942 417 1194 494 verbalbegriff.“
1235 419 1344 477 Potius

168 531 272 583 tamen
306 525 460 605 ἐπίσημον
494 524 597 604 εὐνήν,
632 524 714 598 quod
747 523 936 583 Danielsson
964 526 1098 599 benigne
1121 544 1240 584 mecum
1265 546 1344 584 oom-

168 632 348 708 munioavit,
383 631 509 690 videtur
544 633 701 689 internum
734 630 793 707 obj.
819 651 888 690 esse
912 630 1069 708 participii
1093 632 1278 703 ξυνοικίσας,
1303 633 1343 690 ad

168 737 250 814 quod
275 740 370 796 etiam
392 761 433 817 με
456 737 690 814 intelligendum
716 744 773 813 est,
799 739 909 796 latine:
934 758 982 796 me
1007 737 1095 796 dedit
1118 744 1171 796 tuo
1195 737 1258 797 filio
1285 740 1344 816 (me

157 867 238 922 ,cum
263 847 311 925 eo)
336 845 485 922 praeolaro
511 825 660 903 connubio
679 844 823 921 jungens,
861 845 913 903 Ita
928 844 1007 903 iilud
1023 844 1113 924 λέχος
1129 846 1277 926 ξυστῆναί
1285 869 1343 906 τινι

168 954 329 1031 passivum
364 958 412 1010 est
447 952 540 1010 activi
573 951 663 1031 λέχος
691 971 716 1010 s.
746 950 841 1031 εὐνὴν
873 952 1043 1022 ξυνοικίσαι
1076 952 1141 1012 τινά
1175 975 1237 1013 τινι.
1290 950 1344 1010 Ofr

171 1062 264 1119 etiam
298 1059 336 1118 Il.
365 1058 493 1129 XV432
518 1057 646 1138 φιλότης
673 1081 704 1119 τε
732 1057 785 1118 καὶ
813 1058 898 1139 εὐνή,
926 1060 965 1139 ἣν
989 1059 1104 1139 ἐμίγης.
1152 1058 1269 1119 Contra
1292 1059 1343 1117 Ai.
1448 1120 1451 1125 ,

170 1169 245 1241 493,
270 1167 323 1224 ubi
348 1165 474 1224 Lobeok
498 1186 565 1223 oum
589 1165 748 1224 nonnullis
773 1166 932 1223 codicibus
956 1165 1033 1243 legit
1058 1165 1151 1246 εὐνῆς
1173 1189 1205 1227 τε
1219 1172 1273 1247 τῆς
1289 1172 1346 1247 σῆς

169 1268 212 1355 ἧς
244 1269 496 1355 συνηλλάχθης
519 1272 597 1351 ἐμοί,
629 1292 697 1330 cum
720 1272 877 1349 plerisque
903 1271 1076 1331 editoribus
1098 1269 1119 1353 ᾗ
1142 1272 1286 1350 praefero,
1311 1282 1346 1332 ut

171 1379 253 1454 quod
278 1379 318 1438 ed
343 1379 410 1437 ood.
435 1379 490 1437 La.
517 1381 704 1456 scripturam
727 1381 761 1440 εἰ
781 1378 910 1455 propius
935 1378 1088 1437 accedat·
1112 1379 1147 1437 O.
1173 1380 1213 1438 R.
1239 1381 1303 1437 422
1321 1400 1344 1438 s.
1447 1440 1454 1451 ,

169 1486 230 1548 τὸν
264 1487 443 1568 ὑμέναιον,
479 1487 520 1547 ὃν
556 1485 667 1565 δόμοις
701 1485 843 1565 ἄνορμον
866 1482 1101 1564 εἰσέπλευσας,
1127 1489 1154 1544 si
1178 1487 1346 1562 quidemd

169 1593 318 1673 ὑμέναιος
341 1594 361 1652 i.
387 1613 412 1653 e.
437 1593 553 1669 nuptiae
577 1592 720 1659 εἴσπλους
738 1597 795 1666 est,
813 1613 873 1668 quo
891 1589 1027 1669 Oedipus
1042 1594 1074 1651 in
1091 1595 1208 1669 regiam
1225 1594 1346 1651 domum

170 1701 331 1776 navigavit
357 1698 425 1779 (Ofr
448 1699 583 1757 Nauokii
608 1704 640 1756 et
664 1697 785 1757 Woiffii
812 1698 1055 1776 adnotationes).
1102 1700 1169 1758 Hos
1191 1700 1276 1759 locos
1294 1700 1346 1779 (de

172 1808 332 1865 connubiis
356 1806 514 1883 ineundis)
541 1807 677 1864 editores
704 1806 756 1864 alii
781 1806 873 1864 aliter
897 1806 1064 1883 explanare
1090 1812 1251 1865 conantur.

265 1915 365 1974 Verbo
388 1914 600 1989 interficiendi
623 1919 649 1972 et
674 1914 841 1972 moriondi.
887 1913 937 1971 Αἰ.
957 1914 997 1971 55
1014 1915 1144 1996 κείρειν
1160 1912 1347 1993 πολύκεραιν

172 2023 296 2104 φόνον.
334 2014 581 2098 Comparandum
607 2026 656 2078 est
680 2019 731 2078 Ai.
758 2021 821 2078 546
845 2028 1026 2103 νεοσφαγῆ
1051 2022 1177 2102 φόνον,
1201 2020 1284 2095 quod
1308 2021 1348 2079 ad

173 2129 302 2208 σφάζειν
330 2127 432 2207 (μόνον
456 2132 593 2204 spectat3
628 2126 766 2202 itemque
789 2126 862 2184 Ant.
890 2127 930 2185 36
955 2128 1071 2208 φόνον
1099 2124 1348 2210 δημόλευστον,

173 2236 223 2293 Ai.
250 2237 313 2294 253
338 2255 363 2294 ε.
388 2231 620 2297 λιθόλευστον
634 2230 719 2316 Ἄρη
740 2232 808 2313 (Cir
826 2233 861 2292 0.
876 2232 910 2291 O.
930 2235 993 2292 435
1011 2226 1182 2315 λευσθῆναι
1198 2235 1347 2313 πέτροις),

174 2342 225 2401 Τι’.
252 2343 315 2401 357
340 2341 358 2402 ὁ
381 2341 503 2425 ῥιπτὸς
521 2339 771 2424 Ἰιμίτουμόρος.
789 2377 830 2384 —-
853 2341 903 2399 Ai.
924 2343 1009 2399 1058
1026 2362 1049 2401 s.
1068 2341 1154 2422 τήνδ’
1173 2344 1212 2423 ῆν
1228 2341 1349 2422 εἴληχεν

172 2451 283 2532 τύχην
317 2446 497 2527 θανόντες,
533 2450 585 2506 ubi
609 2448 695 2506 nulla
718 2449 889 2506 mutatione
914 2468 990 2525 opus
1015 2454 1073 2507 est.
1120 2447 1175 2507 on·
1198 2447 1348 2507 Lobeokii

174 2561 205 2614 et
240 2554 347 2614 Jebbii
383 2556 600 2613 adnotationes
636 2556 676 2613 ad
704 2555 733 2612 h.
763 2553 783 2612 lv.
815 2589 849 2596 -
877 2552 911 2612 O.
942 2554 976 2614 O.
1010 2557 1094 2614 1720
1119 2575 1142 2613 ε.
1168 2552 1290 2617 ἔλυσεν
1313 2554 1348 2616 τὸ

173 2660 270 2735 τέλος
301 2668 356 2723 τοῦ
391 2663 462 2742 βίου
491 2682 544 2739 pro
570 2661 680 2722 έλυσεν
714 2659 769 2741 τὴν
803 2659 889 2721 λύσιν
917 2661 967 2720 vel
991 2661 1107 2722 ἐτέλεσε
1130 2660 1164 2722 τὸ
1187 2662 1272 2729 τέλος
1294 2667 1348 2722 τοῦ

174 2768 256 2851 βίου.
304 2767 358 2827 Cfr
387 2768 438 2827 Tr.
472 2770 510 2827 79
535 2765 696 2851 τελευτὴν
730 2773 785 2829 τοῦ
820 2769 892 2850 βίον
927 2765 1046 2848 τελεῖν,
1083 2768 1119 2827 0.
1149 2768 1188 2826 R.
1215 2770 1279 2826 880
1313 2767 1347 2829 τὸ

175 2876 335 2957 πάλαισμα
363 2876 486 2957 μῆποτε
508 2872 613 2937 λύσαι
638 2875 763 2953 (finire),
800 2876 875 2934 Eur.
901 2876 969 2953 Iph.
996 2875 1031 2934 T.
1058 2877 1121 2933 692
1145 2875 1247 2936 λύσειν
1269 2875 1348 2955 βίον,

175 2983 226 3043 Tr.
254 2985 336 3042 1171
362 2982 502 3063 μόχθων
524 2980 626 3045 λύσιν
648 2980 837 3045 τελεῖσθαι.

269 3093 367 3151 Verbo
401 3091 595 3167 imperandi.
641 3090 721 3148 Phil.
755 3093 818 3149 140
853 3098 1032 3172 σκῆπτρον
1068 3092 1262 3169 ἀνάσσεται,
1297 3090 1350 3147 ubi

175 3204 332 3278 σκῆπτρον
355 3199 477 3275 imperii
501 3198 658 3255 notionem
682 3197 921 3256 circumscribit.
963 3196 998 3255 Ο.
1018 3196 1051 3255 O.
1070 3198 1135 3254 448
1152 3216 1176 3255 ε.
1193 3193 1352 3278 θρόνους

174 3305 227 3366 καὶ
243 3313 402 3388 σκῆπτρα
418 3307 584 3387 κραίνειν.
620 3305 701 3362 Item
718 3304 855 3363 fortasse
870 3303 905 3361 Ο.
921 3301 955 3362 0.
977 3306 1062 3362 1380
1077 3303 1112 3364 τὸ
1129 3302 1185 3364 σὸν
1201 3300 1351 3384 θάκημα

174 3396 228 3473 καὶ
261 3411 333 3479 τοὺς
367 3410 443 3479 σοὺς
477 3408 636 3494 θρόνους
670 3417 799 3494 κρατῶ,
834 3413 862 3470 si
894 3409 929 3471 τὸ
964 3408 1021 3471 σὸν
1050 3408 1186 3490 θάκημο
1211 3415 1269 3468 oet.
1294 3429 1352 3486 per

175 3518 352 3594 hendiadyn
388 3518 473 3576 dicta
506 3523 579 3576 sunt
602 3538 657 3595 pro
682 3519 820 3576 sessione
845 3519 877 3575 in
901 3517 979 3576 solio
1004 3516 1025 3576 i.
1052 3536 1077 3575 e.
1103 3517 1240 3594 imperio.
1289 3515 1351 3574 Sed

175 3627 299 3685 verbum
323 3631 457 3705 κρατεῖν,
483 3646 551 3684 oum
574 3627 668 3701 potiri
693 3624 859 3702 signifieat,
883 3625 976 3683 etiam
998 3623 1058 3681 alia
1075 3624 1198 3681 nomina
1214 3622 1245 3679 in
1264 3641 1351 3680 accu-

175 3734 276 3791 sativo
310 3752 417 3808 regere
442 3738 575 3810 apparet
592 3714 714 3790 'collato
739 3731 876 3808 exemplo
901 3730 983 3806 quod
1007 3730 1088 3788 Jebb
1113 3728 1213 3805 affert,
1238 3729 1349 3787 Aesch.

177 3839 283 3916 SuppI.
310 3842 374 3898 254
397 3843 501 3900 πᾶσαν
524 3837 596 3899 αἶαν
610 3878 623 3887 -
638 3878 651 3887 -
667 3877 678 3886 -
695 3878 707 3886 -
725 3842 842 3918 κρατῶ.
878 3838 981 3916 (Quod
1005 3837 1089 3914 Papo
1106 3839 1138 3894 in
1154 3836 1253 3895 lexico
1270 3836 1350 3893 Xon.

177 3946 235 4009 An.
262 3948 290 4005 V
314 3948 344 4021 6,
371 3947 388 4004 7
415 3966 483 4004 oum
506 3946 554 4003 his
580 3945 729 4022 exemplis
753 3944 922 4020 conjungit,
940 3964 1012 4002 *non
1036 3964 1143 4003 verum
1167 3949 1224 4002 est.
1272 3941 1352 3999 Nam

60 4091 64 4098 ,
177 4053 198 4113 ἃ
223 4052 366 4133 (κέρατα)
392 4073 430 4111 ex
454 4054 619 4129 participio
644 4052 826 4132 κατέχοντες
849 4051 986 4128 pendet).

272 4162 370 4220 Verbo
404 4162 563 4235 loquendi,
596 4161 749 4235 querendi
774 4161 844 4219 sim.
890 4158 941 4215 Αἰ.
968 4159 1032 4216 770
1056 4156 1180 4218 τοσόνδ’
1205 4157 1353 4236 ἐιιόμτιει

168 4265 308 4350 μῦθον.
355 4268 403 4326 Ai.
432 4269 516 4325 1000
541 4266 664 4328 τοιαῦθ’
691 4268 951 4348 ἁμαρτάνουσιν
974 4267 1054 4347 ἔπη.
1101 4264 1150 4321 Ai.
1172 4264 1256 4321 1107
1274 4282 1298 4321 s.
1316 4261 1353 4322 τὰ

178 4373 262 4454 σέμν’
300 4375 368 4455 ἔπη
404 4368 524 4448 κόλαξ
561 4373 708 4440 ἐκείνους.
758 4371 794 4430 O.
820 4372 860 4430 R.
887 4373 951 4429 340
979 4373 1047 4455 ἔπη
1077 4373 1095 4431 ἃ
1124 4376 1180 4432 νῦν
1204 4369 1241 4430 σὺ
1264 4369 1351 4450 τήνδ’

1301 4475 1318 4522 4
