3210 4912
310 290 353 346 ’58

297 434 300 440 Ι
353 445 383 509 ὅ.
430 447 595 505 Genitivus
620 446 816 524 separativus
840 452 911 524 post
934 447 1103 526 στερίσκειν
1127 449 1193 504 sim.
1218 449 1368 522 sequitur.
1399 448 1438 505 In

262 575 368 613 eorum
398 555 568 629 analogiam
597 553 679 630 apud
703 553 882 630 Sophoclem
906 560 1010 612 tracta
1033 559 1106 612 sunt
1129 553 1259 633 ψεύδειν
1283 560 1314 613 et
1338 553 1436 633 σφάλ-

262 661 325 723 λειν
361 666 516 741 (neutrum
534 708 536 713 .
553 663 599 719 sio
635 660 717 737 apud
751 660 941 738 Homerum).
988 661 1136 737 Exempla
1161 666 1247 719 sunt:
1274 660 1325 720 At.
1354 663 1436 720 1382

264 769 319 829 καί
339 770 370 848 μ’
397 770 534 848 ἔψευσας
557 764 701 840 ἐλπίδος
722 767 812 828 πολύ,
849 767 900 825 Tr.
922 769 983 825 712
1002 787 1026 826 ε.
1044 767 1270 847 ψεοοθήσομαι
1285 768 1437 850 γνώμης.

264 875 306 933 Et
330 877 374 933 ita
393 873 458 950 jam
481 873 655 950 Aeschylus
678 873 764 932 Pers.
791 875 854 931 472
879 874 1016 952 ἔψευσας
1039 879 1183 956 φρενῶν
1206 871 1341 952 Πέρσας.
1376 874 1437 932 Re·

264 982 385 1039 corderi
420 981 567 1040 debemus
591 983 720 1039 verbum
743 979 873 1059 υιεύάειν
897 982 991 1038 etiam
1015 1001 1083 1038 cum
1107 981 1227 1038 duobus
1244 981 1438 1045 ‚accusativis

261 1088 402 1164 junctum
436 1107 492 1146 nos
528 1088 620 1164 apud>
647 1087 831 1164 Sophoclem
859 1088 1024 1145 invenisse.
1056 1123 1097 1130 —-
1122 1086 1174 1146 Tr.
1203 1089 1286 1145 1113
1312 1084 1439 1170 ἀνδρὸς

263 1194 357 1256 τοῦδέ
381 1194 405 1274 γ’.
431 1195 459 1255 εἰ
480 1193 677 1275 σφαλήοεται.
713 1192 769 1251 Ofr
791 1193 887 1252 Thur..
905 1194 933 1251 V
954 1195 1025 1270 110,
1044 1197 1063 1250 2
1088 1194 1116 1254 εἰ
1135 1193 1227 1254 τοῦδε
1242 1183 1437 1273 σφάλλοιντο.

264 1303 303 1359 In
338 1302 385 1358 his
421 1302 523 1358 verbis
557 1298 689 1358 fortasse
725 1299 946 1358 numerandum
969 1306 1018 1358 est
1041 1289 1203 1361 ἀποσυλάν
1229 1299 1263 1359 Ο.
1291 1299 1325 1359 C.
1353 1301 1438 1358 1330

265 1407 300 1475 ὅς
323 1408 354 1487 μ’
381 1408 496 1478 ἐξέωσε
530 1406 745 1487 κάπεσύλησεν
779 1408 913 1489 πάτρας
947 1406 1043 1483 (Jebb
1079 1408 1112 1463 in
1140 1426 1260 1465 comm:
1286 1409 1312 1464 it
1334 1407 1455 1485 would·

264 1534 347 1572 seem
372 1514 450 1587 that,
477 1513 568 1570 aided
592 1514 633 1588 by
656 1513 781 1582 ἐξέωσε,
806 1513 856 1570 the
880 1518 952 1589 poet
976 1512 1032 1571 has
1057 1512 1132 1570 used
1151 1512 1345 1592 ἀπεσύλησεν
1361 1512 1437 1570 with

264 1620 316 1678 the
342 1632 454 1678 constr.
481 1617 513 1676 of
536 1619 766 1699 ἀπεστέρησεν).

353 1726 454 1784 Etiam
490 1725 579 1784 verbi
615 1722 905 1801 ἀπαλλάσσεσθαι
940 1725 1172 1784 similitudinem
1207 1727 1304 1784 verba
1334 1711 1438 1800 aliqua

266 1832 410 1890 videntur
434 1835 465 1889 in
494 1833 620 1908 syntaxi
644 1838 752 1890 secuta
776 1851 854 1905 esse,
881 1851 927 1890 ex.
953 1851 999 1906 gr.
1025 1831 1106 1889 Phil.
1136 1833 1220 1890 1334
1243 1831 1316 1910 πρὶν
1339 1833 1406 1892 ἀν·
1424 1870 1436 1880 -

263 1941 373 2001 νόσου
407 1935 597 2021 μαλαχθῇς
630 1938 730 2019 τῆσδε.
787 1938 837 1997 Αἱ.
877 1940 939 1996 744
974 1937 1093 1999 θεοῖσιν
1128 1939 1174 2005 ὡς
1208 1935 1436 2022 καταλλαχθῇ

264 2041 386 2128 χόλου.
434 2046 497 2102 710
524 2066 547 2103 s.
574 2044 654 2112 Αἴας
687 2032 959 2127 γιετανεγνώσθη
995 2041 1126 2126 θυμῶν
1149 2043 1317 2122 Ἀτρείδαις
1339 2043 1437 2124 μεγά-

264 2151 330 2212 λων
364 2174 396 2211 τε
427 2154 583 2213 νεικέων.
632 2151 667 2209 0.
694 2151 732 2213 R.
760 2152 822 2209 673
848 2171 871 2209 ε.
897 2151 972 2211 ὅταν
1000 2147 1123 2233 θυμοῦ
1146 2153 1302 2233 περάσῃς
1326 2150 1437 2230 (πέραν

263 2263 319 2318 τοῦ
343 2257 452 2337 θυμοῦ
476 2258 552 2318 ἰέναι
576 2257 686 2334 Wolff,
718 2257 756 2315 ad
780 2276 903 2315 sensum
927 2257 1015 2316 verbi
1040 2256 1246 2338 ἀπαλλαχθῇς
1270 2256 1436 2334 Schneid.).
1476 2281 1483 2290 ‘

266 2400 306 2406 —
333 2363 438 2422 Verba
473 2366 618 2446 φεύγειν
653 2369 685 2420 et
721 2359 886 2424 ἀλύσκειν
921 2365 948 2421 si
983 2384 1050 2421 cum
1087 2365 1224 2440 genitivo
1255 2363 1436 2441 junguntur,

265 2477 423 2528 structura
458 2471 496 2527 ad
530 2468 765 2528 similitudinem
788 2471 875 2528 verbi
899 2467 1188 2532 ἀπαλλάσσεσθαι
1212 2472 1278 2529 sim.
1303 2469 1439 2528 format-a

264 2577 389 2636 videtur
413 2597 492 2636 esse.
528 2578 570 2635 Et
594 2583 677 2635 recte
702 2582 733 2633 et
757 2581 827 2652 apte
853 2577 898 2634 sic
923 2581 1152 2651 construuntur,
1178 2597 1246 2634 cum
1263 2575 1440 2652 significant

266 2705 304 2742 ex
338 2705 383 2760 ee,
418 2687 448 2742 in
481 2705 541 2758 quo
577 2683 647 2759 quis
671 2683 734 2758 jam
763 2681 833 2758 fuit,
858 2681 966 2758 fugere
991 2685 1073 2741 sicut
1098 2682 1133 2740 Ο.
1161 2681 1193 2740 O.
1223 2683 1440 2762 1024yu'rpur

264 2791 418 2870 φυγόντες
440 2790 543 2870 τῆσδε,
567 2791 646 2848 Phil.
675 2791 759 2847 1044
783 2788 879 2850 νόσου
903 2789 1097 2868 πεφευγέναι,
1145 2790 1224 2847 Item
1249 2788 1297 2848 El.
1324 2791 1387 2848 626
1412 2809 1436 2847 s.

264 2895 408 2977 θράσους
430 2897 523 2958 τοῦδε
547 2897 606 2957 σάκ
631 2896 751 2966 ἀλύξεις
775 2895 914 2975 (Wolff).
952 2894 1070 2953 Contra
1093 2896 1173 2953 hanc
1197 2900 1382 2953 structuram
1406 2896 1439 2951 in

266 3005 400 3062 alienum
435 3005 534 3062 locum
569 3003 751 3060 translatam
779 3008 854 3077 puto
878 3002 950 3059 Ant.
978 3002 1041 3058 489
1066 3001 1126 3062 οὐκ
1150 3000 1297 3071 ἀλύξετον
1324 3002 1438 3083 μόρου

266 3112 424 3178 κακίστου,
449 3111 501 3168 uhi
526 3111 723 3168 accusativus
746 3111 791 3166 rei
808 3111 908 3185 aptior
924 3112 980 3166 est.
1018 3108 1111 3185 Apud
1127 3107 1296 3165 Homerum
1313 3105 1439 3186 φεύγειν

265 3219 358 3278 semel
383 3238 451 3275 oum
475 3219 614 3294 genitivo
638 3218 774 3293 positum
799 3222 857 3291 est,
884 3215 942 3273 Od.
961 3216 977 3271 I
997 3216 1037 3272 18
1055 3213 1125 3275 οὐδ’
1143 3213 1221 3274 ἔνθα
1238 3212 1439 3292 πεφυγμένος

267 3324 320 3405 ἦεν
356 3306 500 3386 ἀέθλων
534 3323 707 3403 (Delbri'rok
741 3323 846 3396 Vcrgl.
883 3321 971 3398 Synt.
1008 3342 1078 3398 pag.
1116 3320 1202 3397 203).
1261 3321 1309 3378 De
1344 3320 1438 3377 verbo

265 3430 410 3490 ἀλύσκειν
434 3429 479 3488 cfr
504 3430 561 3488 od.
588 3431 699 3505 XXII,
725 3431 790 3486 400
814 3426 903 3490 ὅθεν
927 3429 964 3489 ού
989 3451 1060 3494 πως
1080 3425 1134 3507 ἦεν
1150 3427 1268 3498 ἀλύξαι.
1304 3425 1439 3484 Videtur

266 3539 379 3596 ceteris
404 3537 481 3596 locis
506 3558 573 3596 cum
600 3557 662 3595 acc.
689 3542 901 3594 constructum
925 3554 995 3593 csse
1020 3534 1105 3610 (Seil.
1131 3533 1215 3611 lem).

354 3665 381 3705 ε.
406 3642 584 3701 Genitivum
602 3644 852 3719 comparationis
868 3650 996 3719 propter
1008 3647 1150 3698 naturam
1163 3660 1251 3697 suam
1264 3641 1357 3697 etiam
1369 3646 1440 3715 post

266 3749 487 3826 superlativum
510 3749 641 3825 gradum
664 3748 736 3826 poni
760 3768 851 3825 posse
872 3748 937 3823 jam
961 3754 1067 3804 notum
1091 3746 1438 3825 est(Delbr1'ickSynt.

266 3857 301 3915 F.
328 3856 374 3913 ll*
399 3877 461 3933 pag
485 3859 536 3931 48,
564 3857 690 3930 Brugm.
718 3851 790 3913 Gr.2
821 3857 893 3929 183,
920 3854 956 3912 Ο.
981 3854 1112 3911 Sohweb
1134 3853 1221 3930 Synt.
1240 3854 1296 3911 der
1312 3852 1438 3911 Griech.

267 3962 372 4038 Comp.
398 3985 427 4040 p.
453 3966 495 4021 38
520 3963 651 4042 (Schanz
677 3962 774 4020 Beitr.
800 3960 885 4039 1V))‚
910 3963 1108 4036 quamobrem
1133 3959 1171 4018 ad
1189 3960 1364 4035 analogiam
1379 3979 1440 4018 non

266 4068 506 4142 confugiendum
542 4075 589 4128 est
624 4072 655 4126 in
679 4068 897 4145 locutionibus,
923 4068 1030 4142 quales
1056 4072 1143 4124 sunt:
1168 4067 1240 4125 Ant.
1270 4068 1332 4124 100
1356 4086 1380 4124 ε.
1404 4063 1468 4134 τὸ,

265 4176 428 4236 κάλλιστον
451 4181 515 4237 τῶν
538 4177 704 4254 προτέρων
728 4175 818 4255 φάος.
853 4175 933 4233 Phil.
954 4175 1035 4230 1171
1062 4173 1159 4251 λῷστε
1181 4177 1245 4233 τῶν
1269 4171 1342 4251 πρὶν
1358 4170 1440 4232 ἐντό-

265 4306 347 4343 τιων.
385 4284 458 4339 Ant.
480 4285 563 4340 1212
582 4281 829 4362 δυστυχεστάτην
845 4280 1000 4341 κέλευθον
1016 4284 1080 4340 τῶν
1096 4278 1329 4357 παρελθουσῶν
1345 4277 1440 4339 ὁδῶν.

355 4390 491 4447 Verbum
517 4385 697 4467 νικᾶσθαι,
722 4409 908 4463 quamquam
932 4393 967 4444 ut
991 4394 1088 4444 trans.
1113 4384 1272 4462 passivum
1295 4404 1361 4442 cum
1378 4383 1442 4444 ὑπό
