<?xml version="1.0" encoding="UTF-8"?>
<!DOCTYPE html PUBLIC "-//W3C//DTD XHTML 1.0 Transitional//EN"
    "http://www.w3.org/TR/xhtml1/DTD/xhtml1-transitional.dtd">
<html xmlns="http://www.w3.org/1999/xhtml" xml:lang="en" lang="en">
 <head>
  <title>
</title>
<meta http-equiv="Content-Type" content="text/html;charset=utf-8" />
  <meta name='ocr-system' content='tesseract 3.04.00' />
  <meta name='ocr-capabilities' content='ocr_page ocr_carea ocr_par ocr_line ocrx_word'/>
</head>
<body>
  <div class='ocr_page' id='page_1' title='image "./deassimilatione00zegoog_0060.png"; bbox 0 0 3210 4912; ppageno 0'>
   <div class='ocr_carea' id='block_1_1' title="bbox 1275 267 1315 322">
    <p class='ocr_par' dir='ltr' id='par_1_1' title="bbox 1275 267 1315 322">
     <span class='ocr_line' id='line_1_1' title="bbox 1275 267 1315 322; baseline -0.025 0"><span class='ocrx_word' id='word_1_1' title='bbox 1275 267 1315 322; x_wconf 91' lang='grc'>51</span> 
     </span>
    </p>
   </div>
   <div class='ocr_carea' id='block_1_2' title="bbox 186 419 1425 3906">
    <p class='ocr_par' dir='ltr' id='par_1_2' title="bbox 186 419 1363 1991">
     <span class='ocr_line' id='line_1_2' title="bbox 188 419 1361 499; baseline 0.003 -20"><span class='ocrx_word' id='word_1_2' title='bbox 188 424 384 496; x_wconf 88' lang='lat' dir='ltr'>quamobrem</span> <span class='ocrx_word' id='word_1_3' title='bbox 409 419 540 496; x_wconf 84' lang='lat' dir='ltr'>benigne</span> <span class='ocrx_word' id='word_1_4' title='bbox 565 427 724 499; x_wconf 88' lang='lat' dir='ltr'>acceptum</span> <span class='ocrx_word' id='word_1_5' title='bbox 748 427 799 480; x_wconf 90' lang='lat' dir='ltr'>est</span> <span class='ocrx_word' id='word_1_6' title='bbox 822 426 854 480; x_wconf 86' lang='lat' dir='ltr'>et</span> <span class='ocrx_word' id='word_1_7' title='bbox 878 422 1116 480; x_wconf 87' lang='lat' dir='ltr'>usitatissimum</span> <span class='ocrx_word' id='word_1_8' title='bbox 1140 423 1209 496; x_wconf 80' lang='lat' dir='ltr'>fuit,</span> <span class='ocrx_word' id='word_1_9' title='bbox 1231 424 1264 480; x_wconf 93' lang='lat' dir='ltr'>id</span> <span class='ocrx_word' id='word_1_10' title='bbox 1280 425 1361 499; x_wconf 90' lang='lat' dir='ltr'>quod</span> 
     </span>
     <span class='ocr_line' id='line_1_3' title="bbox 188 527 1361 605; baseline 0.003 -18"><span class='ocrx_word' id='word_1_11' title='bbox 188 547 223 587; x_wconf 88' lang='lat' dir='ltr'>eo</span> <span class='ocrx_word' id='word_1_12' title='bbox 259 529 373 603; x_wconf 90' lang='lat' dir='ltr'>optime</span> <span class='ocrx_word' id='word_1_13' title='bbox 408 532 548 605; x_wconf 87' lang='lat' dir='ltr'>apparot,</span> <span class='ocrx_word' id='word_1_14' title='bbox 585 528 667 601; x_wconf 89' lang='lat' dir='ltr'>quod</span> <span class='ocrx_word' id='word_1_15' title='bbox 703 547 771 586; x_wconf 89' lang='lat' dir='ltr'>cum</span> <span class='ocrx_word' id='word_1_16' title='bbox 807 527 909 604; x_wconf 88' lang='lat' dir='ltr'>ellipsi</span> <span class='ocrx_word' id='word_1_17' title='bbox 945 527 1090 587; x_wconf 77' lang='lat' dir='ltr'>dicebant</span> <span class='ocrx_word' id='word_1_18' title='bbox 1117 528 1265 590; x_wconf 72' lang='grc' dir='ltr'>τεθνάναι</span> <span class='ocrx_word' id='word_1_19' title='bbox 1287 531 1361 592; x_wconf 81' lang='grc' dir='ltr'><strong><em>τινά.</em></strong></span> 
     </span>
     <span class='ocr_line' id='line_1_4' title="bbox 186 632 1361 714; baseline 0.003 -23"><span class='ocrx_word' id='word_1_20' title='bbox 186 633 344 692; x_wconf 81' lang='lat' dir='ltr'>Praeteraa</span> <span class='ocrx_word' id='word_1_21' title='bbox 367 632 434 692; x_wconf 83' lang='lat' dir='ltr'>fieri</span> <span class='ocrx_word' id='word_1_22' title='bbox 457 639 568 710; x_wconf 84' lang='lat' dir='ltr'>potest,</span> <span class='ocrx_word' id='word_1_23' title='bbox 594 639 629 691; x_wconf 89' lang='lat' dir='ltr'>ut</span> <span class='ocrx_word' id='word_1_24' title='bbox 653 632 755 710; x_wconf 91' lang='lat' dir='ltr'>ipsum</span> <span class='ocrx_word' id='word_1_25' title='bbox 770 634 897 692; x_wconf 91' lang='lat' dir='ltr'>verbum</span> <span class='ocrx_word' id='word_1_26' title='bbox 913 634 1074 714; x_wconf 85' lang='grc' dir='ltr'><strong><em>προύστην</em></strong></span> <span class='ocrx_word' id='word_1_27' title='bbox 1091 655 1194 693; x_wconf 88' lang='lat' dir='ltr'>accus.</span> <span class='ocrx_word' id='word_1_28' title='bbox 1212 658 1246 696; x_wconf 91' lang='grc' dir='ltr'><strong><em>σε</em></strong></span> <span class='ocrx_word' id='word_1_29' title='bbox 1262 642 1361 711; x_wconf 84' lang='lat' dir='ltr'>regat.</span> 
     </span>
     <span class='ocr_line' id='line_1_5' title="bbox 187 737 1362 821; baseline 0.003 -23"><span class='ocrx_word' id='word_1_30' title='bbox 187 740 267 798; x_wconf 87' lang='lat' dir='ltr'>Jebb</span> <span class='ocrx_word' id='word_1_31' title='bbox 291 738 426 804; x_wconf 73' lang='lat' dir='ltr'>confert</span> <span class='ocrx_word' id='word_1_32' title='bbox 460 737 569 816; x_wconf 83' lang='lat' dir='ltr'><strong>fragm.</strong></span> <span class='ocrx_word' id='word_1_33' title='bbox 595 740 659 798; x_wconf 89' lang='grc'>599</span> <span class='ocrx_word' id='word_1_34' title='bbox 683 745 855 819; x_wconf 81' lang='grc' dir='ltr'><strong><em>προστῆναι</em></strong></span> <span class='ocrx_word' id='word_1_35' title='bbox 881 740 983 820; x_wconf 82' lang='grc' dir='ltr'><strong><em>μέσην</em></strong></span> <span class='ocrx_word' id='word_1_36' title='bbox 1010 740 1168 819; x_wconf 86' lang='grc' dir='ltr'><strong><em>τράπεζαν</em></strong></span> <span class='ocrx_word' id='word_1_37' title='bbox 1191 740 1274 821; x_wconf 81' lang='grc' dir='ltr'><strong><em>ἀμφὶ</em></strong></span> <span class='ocrx_word' id='word_1_38' title='bbox 1296 747 1362 802; x_wconf 90' lang='grc' dir='ltr'><strong><em>σῖτα</em></strong></span> 
     </span>
     <span class='ocr_line' id='line_1_6' title="bbox 187 845 1363 926; baseline -0.002 -19"><span class='ocrx_word' id='word_1_39' title='bbox 187 845 239 907; x_wconf 84' lang='grc' dir='ltr'>καὶ</span> <span class='ocrx_word' id='word_1_40' title='bbox 262 845 428 926; x_wconf 83' lang='grc' dir='ltr'><strong><em>καρχήσια,</em></strong></span> <span class='ocrx_word' id='word_1_41' title='bbox 453 845 534 920; x_wconf 90' lang='lat' dir='ltr'>quod</span> <span class='ocrx_word' id='word_1_42' title='bbox 558 851 662 905; x_wconf 88' lang='lat' dir='ltr'>tamen</span> <span class='ocrx_word' id='word_1_43' title='bbox 685 845 802 904; x_wconf 85' lang='lat' dir='ltr'>Kaibel</span> <span class='ocrx_word' id='word_1_44' title='bbox 825 851 918 923; x_wconf 87' lang='lat' dir='ltr'>putat</span> <span class='ocrx_word' id='word_1_45' title='bbox 942 853 1119 923; x_wconf 89' lang='lat' dir='ltr'>corruptum</span> <span class='ocrx_word' id='word_1_46' title='bbox 1137 867 1217 906; x_wconf 84' lang='lat' dir='ltr'>osse.</span> <span class='ocrx_word' id='word_1_47' title='bbox 1253 848 1363 907; x_wconf 81' lang='lat' dir='ltr'>Nauck</span> 
     </span>
     <span class='ocr_line' id='line_1_7' title="bbox 188 951 1362 1033; baseline 0.002 -23"><span class='ocrx_word' id='word_1_48' title='bbox 188 952 266 1010; x_wconf 90' lang='lat' dir='ltr'>dicit</span> <span class='ocrx_word' id='word_1_49' title='bbox 299 971 360 1009; x_wconf 93' lang='lat' dir='ltr'>non</span> <span class='ocrx_word' id='word_1_50' title='bbox 384 970 475 1028; x_wconf 81' lang='lat' dir='ltr'>possa</span> <span class='ocrx_word' id='word_1_51' title='bbox 498 952 660 1033; x_wconf 87' lang='grc' dir='ltr'><strong><em>προύστην</em></strong></span> <span class='ocrx_word' id='word_1_52' title='bbox 683 951 821 1011; x_wconf 88' lang='lat' dir='ltr'>retineri.</span> <span class='ocrx_word' id='word_1_53' title='bbox 869 951 930 1011; x_wconf 87' lang='lat' dir='ltr'>Sed</span> <span class='ocrx_word' id='word_1_54' title='bbox 956 953 993 1010; x_wconf 89' lang='lat' dir='ltr'>ad</span> <span class='ocrx_word' id='word_1_55' title='bbox 1018 953 1076 1012; x_wconf 91' lang='lat' dir='ltr'>hoc</span> <span class='ocrx_word' id='word_1_56' title='bbox 1096 952 1160 1029; x_wconf 86' lang='lat' dir='ltr'>jam</span> <span class='ocrx_word' id='word_1_57' title='bbox 1184 955 1264 1013; x_wconf 86' lang='lat' dir='ltr'>satis</span> <span class='ocrx_word' id='word_1_58' title='bbox 1288 954 1362 1012; x_wconf 85' lang='lat' dir='ltr'><strong>dixi.</strong></span> 
     </span>
     <span class='ocr_line' id='line_1_8' title="bbox 188 1057 1363 1140; baseline 0.007 -26"><span class='ocrx_word' id='word_1_59' title='bbox 188 1093 228 1100; x_wconf 90' lang='lat'>-</span> <span class='ocrx_word' id='word_1_60' title='bbox 247 1058 298 1115; x_wconf 88' lang='lat' dir='ltr'>Ab</span> <span class='ocrx_word' id='word_1_61' title='bbox 322 1057 379 1115; x_wconf 91' lang='lat' dir='ltr'>hoc</span> <span class='ocrx_word' id='word_1_62' title='bbox 404 1058 542 1135; x_wconf 82' lang='lat' dir='ltr'>exemplo</span> <span class='ocrx_word' id='word_1_63' title='bbox 566 1079 627 1117; x_wconf 92' lang='lat' dir='ltr'>non</span> <span class='ocrx_word' id='word_1_64' title='bbox 650 1059 780 1117; x_wconf 89' lang='lat' dir='ltr'>multum</span> <span class='ocrx_word' id='word_1_65' title='bbox 804 1059 949 1117; x_wconf 87' lang='lat' dir='ltr'>abhorret</span> <span class='ocrx_word' id='word_1_66' title='bbox 974 1058 1010 1117; x_wconf 92' lang='grc' dir='ltr'>Ο.</span> <span class='ocrx_word' id='word_1_67' title='bbox 1029 1059 1068 1122; x_wconf 82' lang='lat' dir='ltr'>R.</span> <span class='ocrx_word' id='word_1_68' title='bbox 1088 1062 1124 1117; x_wconf 85' lang='lat'>31</span> <span class='ocrx_word' id='word_1_69' title='bbox 1146 1079 1170 1118; x_wconf 88' lang='lat' dir='ltr'>s.</span> <span class='ocrx_word' id='word_1_70' title='bbox 1189 1060 1288 1121; x_wconf 80' lang='grc' dir='ltr'><strong><em>δεοῖσι</em></strong></span> <span class='ocrx_word' id='word_1_71' title='bbox 1303 1061 1363 1140; x_wconf 90' lang='grc' dir='ltr'>μέν</span> 
     </span>
     <span class='ocr_line' id='line_1_9' title="bbox 189 1160 1363 1249; baseline 0.003 -24"><span class='ocrx_word' id='word_1_72' title='bbox 189 1187 244 1225; x_wconf 86' lang='grc' dir='ltr'>νυν</span> <span class='ocrx_word' id='word_1_73' title='bbox 267 1164 327 1225; x_wconf 85' lang='grc' dir='ltr'><strong><em>οὐκ</em></strong></span> <span class='ocrx_word' id='word_1_74' title='bbox 350 1163 518 1242; x_wconf 84' lang='grc' dir='ltr'><strong><em>ἰσούμενύν</em></strong></span> <span class='ocrx_word' id='word_1_75' title='bbox 542 1160 571 1226; x_wconf 83' lang='grc' dir='ltr'>σ’</span> <span class='ocrx_word' id='word_1_76' title='bbox 599 1165 663 1245; x_wconf 79' lang='grc' dir='ltr'>ἐγὼ</span> <span class='ocrx_word' id='word_1_77' title='bbox 687 1165 757 1227; x_wconf 80' lang='grc' dir='ltr'><strong><em>οὐδ’</em></strong></span> <span class='ocrx_word' id='word_1_78' title='bbox 784 1164 849 1239; x_wconf 84' lang='grc' dir='ltr'><strong><em>οἵδε</em></strong></span> <span class='ocrx_word' id='word_1_79' title='bbox 872 1165 981 1233; x_wconf 88' lang='grc' dir='ltr'><strong><em>παῖδες</em></strong></span> <span class='ocrx_word' id='word_1_80' title='bbox 1006 1162 1169 1248; x_wconf 72' lang='grc' dir='ltr'><strong><em>ἑζόμεσδ’</em></strong></span> <span class='ocrx_word' id='word_1_81' title='bbox 1197 1168 1363 1249; x_wconf 75' lang='grc' dir='ltr'><strong><em>ἐφέστιοι,</em></strong></span> 
     </span>
     <span class='ocr_line' id='line_1_10' title="bbox 188 1269 1361 1353; baseline 0.006 -24"><span class='ocrx_word' id='word_1_82' title='bbox 188 1273 241 1330; x_wconf 89' lang='lat' dir='ltr'>ubi</span> <span class='ocrx_word' id='word_1_83' title='bbox 278 1269 437 1347; x_wconf 80' lang='lat' dir='ltr'>Campbell</span> <span class='ocrx_word' id='word_1_84' title='bbox 473 1273 685 1330; x_wconf 79' lang='lat' dir='ltr'><strong>accusativum</strong></span> <span class='ocrx_word' id='word_1_85' title='bbox 721 1294 755 1332; x_wconf 89' lang='grc' dir='ltr'><strong><em>σε</em></strong></span> <span class='ocrx_word' id='word_1_86' title='bbox 789 1273 834 1329; x_wconf 80' lang='lat' dir='ltr'>itu</span> <span class='ocrx_word' id='word_1_87' title='bbox 869 1271 1005 1349; x_wconf 85' lang='lat' dir='ltr'>expedit,</span> <span class='ocrx_word' id='word_1_88' title='bbox 1039 1278 1075 1330; x_wconf 92' lang='lat' dir='ltr'>ut</span> <span class='ocrx_word' id='word_1_89' title='bbox 1105 1273 1189 1331; x_wconf 90' lang='lat' dir='ltr'>dicat</span> <span class='ocrx_word' id='word_1_90' title='bbox 1212 1273 1361 1353; x_wconf 76' lang='grc' dir='ltr'><strong><em>έζόμεσύ’</em></strong></span> 
     </span>
     <span class='ocr_line' id='line_1_11' title="bbox 188 1378 1361 1459; baseline 0 -20"><span class='ocrx_word' id='word_1_91' title='bbox 188 1379 321 1459; x_wconf 79' lang='grc' dir='ltr'><strong><em>ἐφέστιοι</em></strong></span> <span class='ocrx_word' id='word_1_92' title='bbox 355 1378 439 1435; x_wconf 86' lang='lat' dir='ltr'>idem</span> <span class='ocrx_word' id='word_1_93' title='bbox 466 1378 571 1437; x_wconf 87' lang='lat' dir='ltr'>valere</span> <span class='ocrx_word' id='word_1_94' title='bbox 598 1385 690 1454; x_wconf 85' lang='lat' dir='ltr'>atque</span> <span class='ocrx_word' id='word_1_95' title='bbox 714 1378 891 1458; x_wconf 81' lang='grc' dir='ltr'><strong><em>ἱκετεύομεν</em></strong></span> <span class='ocrx_word' id='word_1_96' title='bbox 917 1378 1002 1458; x_wconf 76' lang='lat' dir='ltr'>(Eas.</span> <span class='ocrx_word' id='word_1_97' title='bbox 1028 1400 1067 1438; x_wconf 94' lang='lat' dir='ltr'>on</span> <span class='ocrx_word' id='word_1_98' title='bbox 1091 1381 1144 1439; x_wconf 90' lang='lat' dir='ltr'>the</span> <span class='ocrx_word' id='word_1_99' title='bbox 1168 1381 1266 1458; x_wconf 79' lang='lat' dir='ltr'>Lang.</span> <span class='ocrx_word' id='word_1_100' title='bbox 1291 1402 1361 1458; x_wconf 81' lang='lat' dir='ltr'>pag.</span> 
     </span>
     <span class='ocr_line' id='line_1_12' title="bbox 190 1484 1363 1562; baseline 0.002 -19"><span class='ocrx_word' id='word_1_101' title='bbox 190 1488 240 1561; x_wconf 78' lang='lat'>23,</span> <span class='ocrx_word' id='word_1_102' title='bbox 267 1487 285 1542; x_wconf 90' lang='grc'>2</span> <span class='ocrx_word' id='word_1_103' title='bbox 310 1484 355 1561; x_wconf 88' lang='grc' dir='ltr'>α).</span> <span class='ocrx_word' id='word_1_104' title='bbox 403 1485 445 1543; x_wconf 85' lang='lat' dir='ltr'>Et</span> <span class='ocrx_word' id='word_1_105' title='bbox 480 1505 665 1561; x_wconf 88' lang='lat' dir='ltr'>quamquam</span> <span class='ocrx_word' id='word_1_106' title='bbox 699 1490 805 1562; x_wconf 90' lang='lat' dir='ltr'>potest</span> <span class='ocrx_word' id='word_1_107' title='bbox 839 1485 868 1542; x_wconf 95' lang='lat' dir='ltr'>h.</span> <span class='ocrx_word' id='word_1_108' title='bbox 897 1485 918 1543; x_wconf 90' lang='lat' dir='ltr'>l.</span> <span class='ocrx_word' id='word_1_109' title='bbox 950 1487 1146 1545; x_wconf 87' lang='lat' dir='ltr'>accusativus</span> <span class='ocrx_word' id='word_1_110' title='bbox 1178 1508 1196 1545; x_wconf 88' lang='lat' dir='ltr'>a</span> <span class='ocrx_word' id='word_1_111' title='bbox 1219 1490 1363 1562; x_wconf 78' lang='lat' dir='ltr'>sequenti</span> 
     </span>
     <span class='ocr_line' id='line_1_13' title="bbox 188 1591 1363 1670; baseline -0.001 -19"><span class='ocrx_word' id='word_1_112' title='bbox 188 1591 353 1670; x_wconf 90' lang='lat' dir='ltr'>participio</span> <span class='ocrx_word' id='word_1_113' title='bbox 382 1592 539 1670; x_wconf 82' lang='grc' dir='ltr'><strong><em>κρίνοντες</em></strong></span> <span class='ocrx_word' id='word_1_114' title='bbox 566 1592 703 1669; x_wconf 86' lang='lat' dir='ltr'>pendere</span> <span class='ocrx_word' id='word_1_115' title='bbox 729 1591 814 1669; x_wconf 77' lang='lat' dir='ltr'>(vide</span> <span class='ocrx_word' id='word_1_116' title='bbox 838 1591 983 1669; x_wconf 81' lang='lat' dir='ltr'>textum),</span> <span class='ocrx_word' id='word_1_117' title='bbox 1009 1592 1102 1650; x_wconf 91' lang='lat' dir='ltr'>credo</span> <span class='ocrx_word' id='word_1_118' title='bbox 1128 1597 1231 1651; x_wconf 90' lang='lat' dir='ltr'>tamen</span> <span class='ocrx_word' id='word_1_119' title='bbox 1255 1592 1363 1670; x_wconf 79' lang='lat' dir='ltr'>Camp-</span> 
     </span>
     <span class='ocr_line' id='line_1_14' title="bbox 189 1697 1363 1775; baseline 0 -17"><span class='ocrx_word' id='word_1_120' title='bbox 189 1699 315 1759; x_wconf 88' lang='lat' dir='ltr'>bellium</span> <span class='ocrx_word' id='word_1_121' title='bbox 349 1700 464 1757; x_wconf 86' lang='lat' dir='ltr'>rectius</span> <span class='ocrx_word' id='word_1_122' title='bbox 498 1697 628 1774; x_wconf 87' lang='lat' dir='ltr'>vidisse,</span> <span class='ocrx_word' id='word_1_123' title='bbox 665 1700 809 1774; x_wconf 87' lang='lat' dir='ltr'>quoniam</span> <span class='ocrx_word' id='word_1_124' title='bbox 843 1698 923 1755; x_wconf 86' lang='lat' dir='ltr'>illud</span> <span class='ocrx_word' id='word_1_125' title='bbox 946 1700 1146 1775; x_wconf 74' lang='lat' dir='ltr'>participium</span> <span class='ocrx_word' id='word_1_126' title='bbox 1170 1701 1248 1758; x_wconf 86' lang='lat' dir='ltr'>satis</span> <span class='ocrx_word' id='word_1_127' title='bbox 1273 1699 1363 1774; x_wconf 84' lang='lat' dir='ltr'>longe</span> 
     </span>
     <span class='ocr_line' id='line_1_15' title="bbox 189 1804 1363 1885; baseline 0.001 -20"><span class='ocrx_word' id='word_1_128' title='bbox 189 1808 278 1866; x_wconf 87' lang='lat' dir='ltr'>abest</span> <span class='ocrx_word' id='word_1_129' title='bbox 312 1812 344 1865; x_wconf 83' lang='lat' dir='ltr'>et</span> <span class='ocrx_word' id='word_1_130' title='bbox 379 1805 547 1885; x_wconf 80' lang='grc' dir='ltr'><strong><em>ἰσούμενον</em></strong></span> <span class='ocrx_word' id='word_1_131' title='bbox 582 1807 683 1882; x_wconf 89' lang='lat' dir='ltr'>ipsum</span> <span class='ocrx_word' id='word_1_132' title='bbox 715 1825 769 1882; x_wconf 92' lang='lat' dir='ltr'>per</span> <span class='ocrx_word' id='word_1_133' title='bbox 802 1825 836 1863; x_wconf 87' lang='lat' dir='ltr'>sa</span> <span class='ocrx_word' id='word_1_134' title='bbox 860 1806 928 1866; x_wconf 85' lang='grc' dir='ltr'><strong><em>ἴσον</em></strong></span> <span class='ocrx_word' id='word_1_135' title='bbox 951 1804 1151 1884; x_wconf 81' lang='grc' dir='ltr'><strong><em>ποιούμενον,</em></strong></span> <span class='ocrx_word' id='word_1_136' title='bbox 1176 1804 1363 1885; x_wconf 78' lang='grc' dir='ltr'><strong><em>κρινόμενον</em></strong></span> 
     </span>
     <span class='ocr_line' id='line_1_16' title="bbox 188 1913 353 1991; baseline -0.018 -18"><span class='ocrx_word' id='word_1_137' title='bbox 188 1913 353 1991; x_wconf 87' lang='lat' dir='ltr'>significat.</span> 
     </span>
    </p>

    <p class='ocr_par' dir='ltr' id='par_1_3' title="bbox 188 2017 1394 2629">
     <span class='ocr_line' id='line_1_17' title="bbox 277 2017 1361 2097; baseline -0.001 -20"><span class='ocrx_word' id='word_1_138' title='bbox 277 2019 382 2077; x_wconf 86' lang='lat' dir='ltr'>Minus</span> <span class='ocrx_word' id='word_1_139' title='bbox 407 2024 625 2097; x_wconf 77' lang='lat' dir='ltr'>oppugnantur</span> <span class='ocrx_word' id='word_1_140' title='bbox 649 2018 800 2096; x_wconf 80' lang='lat' dir='ltr'>exempla,</span> <span class='ocrx_word' id='word_1_141' title='bbox 818 2018 931 2094; x_wconf 86' lang='lat' dir='ltr'>quibua</span> <span class='ocrx_word' id='word_1_142' title='bbox 950 2017 1128 2092; x_wconf 86' lang='lat' dir='ltr'>alloquendi</span> <span class='ocrx_word' id='word_1_143' title='bbox 1144 2019 1228 2076; x_wconf 90' lang='lat' dir='ltr'>notio</span> <span class='ocrx_word' id='word_1_144' title='bbox 1244 2019 1361 2076; x_wconf 84' lang='lat' dir='ltr'>subest.</span> 
     </span>
     <span class='ocr_line' id='line_1_18' title="bbox 189 2119 1394 2207; baseline -0.002 -23"><span class='ocrx_word' id='word_1_145' title='bbox 189 2126 268 2184; x_wconf 86' lang='lat' dir='ltr'>Sunt</span> <span class='ocrx_word' id='word_1_146' title='bbox 303 2125 352 2184; x_wconf 87' lang='lat' dir='ltr'>El.</span> <span class='ocrx_word' id='word_1_147' title='bbox 379 2126 442 2184; x_wconf 85' lang='grc'>556</span> <span class='ocrx_word' id='word_1_148' title='bbox 467 2125 495 2185; x_wconf 87' lang='grc' dir='ltr'><strong><em>εἰ</em></strong></span> <span class='ocrx_word' id='word_1_149' title='bbox 516 2124 551 2186; x_wconf 89' lang='grc' dir='ltr'>δέ</span> <span class='ocrx_word' id='word_1_150' title='bbox 572 2119 607 2207; x_wconf 85' lang='grc' dir='ltr'>μ’</span> <span class='ocrx_word' id='word_1_151' title='bbox 634 2121 684 2186; x_wconf 67' lang='lat' dir='ltr'>&lt;to</span> <span class='ocrx_word' id='word_1_152' title='bbox 716 2124 762 2185; x_wconf 83' lang='grc' dir='ltr'><strong><em>ἀεὶ</em></strong></span> <span class='ocrx_word' id='word_1_153' title='bbox 789 2121 918 2207; x_wconf 80' lang='grc' dir='ltr'><strong><em>λόγους</em></strong></span> <span class='ocrx_word' id='word_1_154' title='bbox 940 2122 1084 2206; x_wconf 83' lang='grc' dir='ltr'><strong><em>ἐξῆρχες</em></strong></span> <span class='ocrx_word' id='word_1_155' title='bbox 1107 2129 1139 2181; x_wconf 86' lang='lat' dir='ltr'>ot</span> <span class='ocrx_word' id='word_1_156' title='bbox 1163 2123 1199 2182; x_wconf 91' lang='grc' dir='ltr'>Ο.</span> <span class='ocrx_word' id='word_1_157' title='bbox 1218 2122 1251 2181; x_wconf 83' lang='lat' dir='ltr'>C.</span> <span class='ocrx_word' id='word_1_158' title='bbox 1280 2125 1364 2182; x_wconf 85' lang='grc'>1120</span> <span class='ocrx_word' id='word_1_159' title='bbox 1391 2132 1394 2139; x_wconf 85' lang='grc'><em>“</em></span> 
     </span>
     <span class='ocr_line' id='line_1_19' title="bbox 188 2228 1363 2314; baseline -0.004 -20"><span class='ocrx_word' id='word_1_160' title='bbox 188 2228 276 2296; x_wconf 83' lang='grc' dir='ltr'><strong><em>τέκν’</em></strong></span> <span class='ocrx_word' id='word_1_161' title='bbox 304 2233 332 2293; x_wconf 86' lang='grc' dir='ltr'><strong><em>εἰ</em></strong></span> <span class='ocrx_word' id='word_1_162' title='bbox 352 2232 479 2311; x_wconf 79' lang='grc' dir='ltr'><strong><em>φανέντ’</em></strong></span> <span class='ocrx_word' id='word_1_163' title='bbox 506 2230 621 2292; x_wconf 81' lang='grc' dir='ltr'><strong><em>ἄελπτα</em></strong></span> <span class='ocrx_word' id='word_1_164' title='bbox 645 2234 794 2314; x_wconf 86' lang='grc' dir='ltr'><strong><em>μηκύνω</em></strong></span> <span class='ocrx_word' id='word_1_165' title='bbox 818 2228 934 2314; x_wconf 85' lang='grc' dir='ltr'><strong><em>λόγον.</em></strong></span> <span class='ocrx_word' id='word_1_166' title='bbox 982 2230 1058 2290; x_wconf 79' lang='lat' dir='ltr'>Cum</span> <span class='ocrx_word' id='word_1_167' title='bbox 1086 2230 1134 2288; x_wconf 84' lang='lat' dir='ltr'>his</span> <span class='ocrx_word' id='word_1_168' title='bbox 1159 2231 1261 2288; x_wconf 90' lang='lat' dir='ltr'>minus</span> <span class='ocrx_word' id='word_1_169' title='bbox 1277 2242 1363 2289; x_wconf 82' lang='lat' dir='ltr'>recte</span> 
     </span>
     <span class='ocr_line' id='line_1_20' title="bbox 189 2336 1364 2417; baseline 0 -18"><span class='ocrx_word' id='word_1_170' title='bbox 189 2349 369 2417; x_wconf 89' lang='lat' dir='ltr'>comparant</span> <span class='ocrx_word' id='word_1_171' title='bbox 399 2337 522 2416; x_wconf 79' lang='lat' dir='ltr'>(Wolff,</span> <span class='ocrx_word' id='word_1_172' title='bbox 552 2338 655 2416; x_wconf 80' lang='lat' dir='ltr'>Schn.‚</span> <span class='ocrx_word' id='word_1_173' title='bbox 682 2338 842 2414; x_wconf 83' lang='lat' dir='ltr'>Tournier,</span> <span class='ocrx_word' id='word_1_174' title='bbox 867 2337 965 2415; x_wconf 87' lang='lat' dir='ltr'>Jebb)</span> <span class='ocrx_word' id='word_1_175' title='bbox 992 2336 1026 2396; x_wconf 84' lang='lat'>0.</span> <span class='ocrx_word' id='word_1_176' title='bbox 1052 2337 1086 2396; x_wconf 79' lang='lat' dir='ltr'>O.</span> <span class='ocrx_word' id='word_1_177' title='bbox 1115 2339 1199 2396; x_wconf 86' lang='grc'>1150</span> <span class='ocrx_word' id='word_1_178' title='bbox 1223 2357 1247 2395; x_wconf 86' lang='lat' dir='ltr'>a.</span> <span class='ocrx_word' id='word_1_179' title='bbox 1271 2336 1364 2417; x_wconf 88' lang='grc' dir='ltr'><strong><em>λόγος</em></strong></span> 
     </span>
     <span class='ocr_line' id='line_1_21' title="bbox 190 2444 1363 2526; baseline -0.004 -19"><span class='ocrx_word' id='word_1_180' title='bbox 190 2447 225 2514; x_wconf 89' lang='grc' dir='ltr'><strong><em>ὃς</em></strong></span> <span class='ocrx_word' id='word_1_181' title='bbox 258 2447 464 2526; x_wconf 78' lang='grc' dir='ltr'><strong><em>ἐμπέπτωκεν</em></strong></span> <span class='ocrx_word' id='word_1_182' title='bbox 499 2445 576 2525; x_wconf 79' lang='grc' dir='ltr'><strong><em>ἐμοί,</em></strong></span> <span class='ocrx_word' id='word_1_183' title='bbox 610 2444 776 2525; x_wconf 78' lang='grc' dir='ltr'><strong><em>συμβαλοῦ</em></strong></span> <span class='ocrx_word' id='word_1_184' title='bbox 810 2446 950 2525; x_wconf 80' lang='grc' dir='ltr'><strong><em>γνώμην,</em></strong></span> <span class='ocrx_word' id='word_1_185' title='bbox 975 2445 1014 2504; x_wconf 92' lang='lat' dir='ltr'>de</span> <span class='ocrx_word' id='word_1_186' title='bbox 1038 2465 1100 2519; x_wconf 93' lang='lat' dir='ltr'>qua</span> <span class='ocrx_word' id='word_1_187' title='bbox 1123 2450 1281 2503; x_wconf 85' lang='lat' dir='ltr'>structura</span> <span class='ocrx_word' id='word_1_188' title='bbox 1299 2444 1363 2520; x_wconf 85' lang='lat' dir='ltr'>jam</span> 
     </span>
     <span class='ocr_line' id='line_1_22' title="bbox 192 2550 541 2629; baseline 0 -20"><span class='ocrx_word' id='word_1_189' title='bbox 192 2550 257 2610; x_wconf 85' lang='lat' dir='ltr'>dixi</span> <span class='ocrx_word' id='word_1_190' title='bbox 279 2573 347 2629; x_wconf 91' lang='lat' dir='ltr'>cap.</span> <span class='ocrx_word' id='word_1_191' title='bbox 373 2552 400 2626; x_wconf 89' lang='lat' dir='ltr'>I,</span> <span class='ocrx_word' id='word_1_192' title='bbox 424 2570 451 2611; x_wconf 89' lang='lat'>11</span> <span class='ocrx_word' id='word_1_193' title='bbox 474 2574 488 2611; x_wconf 93' lang='grc' dir='ltr'><strong><em>ε</em></strong></span> <span class='ocrx_word' id='word_1_194' title='bbox 512 2552 541 2610; x_wconf 87' lang='lat' dir='ltr'>b.</span> 
     </span>
    </p>

    <p class='ocr_par' dir='ltr' id='par_1_4' title="bbox 188 2653 1364 3374">
     <span class='ocr_line' id='line_1_23' title="bbox 278 2653 1362 2740; baseline 0.001 -24"><span class='ocrx_word' id='word_1_195' title='bbox 278 2659 326 2717; x_wconf 85' lang='lat' dir='ltr'>El.</span> <span class='ocrx_word' id='word_1_196' title='bbox 365 2660 427 2718; x_wconf 76' lang='grc'>709</span> <span class='ocrx_word' id='word_1_197' title='bbox 463 2658 593 2730; x_wconf 81' lang='grc' dir='ltr'><strong><em>αὐτοὺς</em></strong></span> <span class='ocrx_word' id='word_1_198' title='bbox 626 2658 655 2718; x_wconf 82' lang='grc' dir='ltr'><strong><em>οἱ</em></strong></span> <span class='ocrx_word' id='word_1_199' title='bbox 686 2658 865 2737; x_wconf 86' lang='grc' dir='ltr'><strong><em>τεταγμένοι</em></strong></span> <span class='ocrx_word' id='word_1_200' title='bbox 896 2658 1021 2738; x_wconf 72' lang='grc' dir='ltr'><strong><em>βραβῆς</em></strong></span> <span class='ocrx_word' id='word_1_201' title='bbox 1044 2653 1190 2739; x_wconf 86' lang='grc' dir='ltr'><strong><em>κλήροις</em></strong></span> <span class='ocrx_word' id='word_1_202' title='bbox 1212 2654 1362 2740; x_wconf 74' lang='grc' dir='ltr'><strong><em>ἕπηλαντ</em></strong></span> 
     </span>
     <span class='ocr_line' id='line_1_24' title="bbox 189 2763 1362 2846; baseline -0.005 -19"><span class='ocrx_word' id='word_1_203' title='bbox 189 2765 382 2846; x_wconf 80' lang='grc' dir='ltr'><strong><em>ἐκλήρωσαν.</em></strong></span> <span class='ocrx_word' id='word_1_204' title='bbox 420 2763 482 2823; x_wconf 81' lang='lat' dir='ltr'>Cur</span> <span class='ocrx_word' id='word_1_205' title='bbox 506 2764 557 2823; x_wconf 90' lang='lat' dir='ltr'>hic</span> <span class='ocrx_word' id='word_1_206' title='bbox 581 2765 753 2823; x_wconf 86' lang='lat' dir='ltr'>scribamus</span> <span class='ocrx_word' id='word_1_207' title='bbox 770 2764 885 2837; x_wconf 85' lang='grc' dir='ltr'><strong><em>αὐτοῖς</em></strong></span> <span class='ocrx_word' id='word_1_208' title='bbox 897 2802 910 2812; x_wconf 93' lang='grc'><strong>-</strong></span> <span class='ocrx_word' id='word_1_209' title='bbox 925 2802 938 2812; x_wconf 98' lang='grc'>-</span> <span class='ocrx_word' id='word_1_210' title='bbox 953 2803 966 2812; x_wconf 94' lang='grc'><strong>-</strong></span> <span class='ocrx_word' id='word_1_211' title='bbox 982 2763 1121 2843; x_wconf 78' lang='grc' dir='ltr'><strong><em>κλήρους</em></strong></span> <span class='ocrx_word' id='word_1_212' title='bbox 1137 2763 1264 2843; x_wconf 79' lang='grc' dir='ltr'><strong><em>ἔπηλαν,</em></strong></span> <span class='ocrx_word' id='word_1_213' title='bbox 1281 2765 1362 2838; x_wconf 88' lang='lat' dir='ltr'>quod</span> 
     </span>
     <span class='ocr_line' id='line_1_25' title="bbox 188 2870 1363 2950; baseline -0.003 -19"><span class='ocrx_word' id='word_1_214' title='bbox 188 2871 327 2950; x_wconf 85' lang='lat' dir='ltr'>Blaydes</span> <span class='ocrx_word' id='word_1_215' title='bbox 349 2874 511 2949; x_wconf 87' lang='lat' dir='ltr'>proposuit</span> <span class='ocrx_word' id='word_1_216' title='bbox 534 2871 742 2936; x_wconf 77' lang='lat' dir='ltr'>otTournier</span> <span class='ocrx_word' id='word_1_217' title='bbox 765 2872 887 2949; x_wconf 86' lang='lat' dir='ltr'>probat,</span> <span class='ocrx_word' id='word_1_218' title='bbox 913 2891 948 2930; x_wconf 90' lang='lat' dir='ltr'>eo</span> <span class='ocrx_word' id='word_1_219' title='bbox 973 2870 1072 2929; x_wconf 89' lang='lat' dir='ltr'>minor</span> <span class='ocrx_word' id='word_1_220' title='bbox 1096 2876 1264 2946; x_wconf 84' lang='lat' dir='ltr'>causaest,</span> <span class='ocrx_word' id='word_1_221' title='bbox 1282 2871 1363 2946; x_wconf 89' lang='lat' dir='ltr'>quod</span> 
     </span>
     <span class='ocr_line' id='line_1_26' title="bbox 188 2974 1364 3059; baseline 0.002 -22"><span class='ocrx_word' id='word_1_222' title='bbox 188 2979 361 3037; x_wconf 89' lang='lat' dir='ltr'>simillimus</span> <span class='ocrx_word' id='word_1_223' title='bbox 386 2977 473 3036; x_wconf 85' lang='lat' dir='ltr'>locus</span> <span class='ocrx_word' id='word_1_224' title='bbox 496 2979 653 3036; x_wconf 86' lang='lat' dir='ltr'>invenitur</span> <span class='ocrx_word' id='word_1_225' title='bbox 676 2978 789 3036; x_wconf 84' lang='lat' dir='ltr'>Aesch.</span> <span class='ocrx_word' id='word_1_226' title='bbox 813 2977 923 3054; x_wconf 86' lang='lat' dir='ltr'>Agam.</span> <span class='ocrx_word' id='word_1_227' title='bbox 944 2978 1006 3035; x_wconf 74' lang='lat'>788</span> <span class='ocrx_word' id='word_1_228' title='bbox 1030 2975 1203 3038; x_wconf 81' lang='grc' dir='ltr'><strong><em>δεοίἼλίου</em></strong></span> <span class='ocrx_word' id='word_1_229' title='bbox 1220 2974 1364 3059; x_wconf 72' lang='grc' dir='ltr'><strong><em>φθορὰς</em></strong></span> 
     </span>
     <span class='ocr_line' id='line_1_27' title="bbox 188 3082 1362 3168; baseline -0.003 -22"><span class='ocrx_word' id='word_1_230' title='bbox 188 3088 341 3168; x_wconf 83' lang='grc' dir='ltr'><strong><em>ψήφους</em></strong></span> <span class='ocrx_word' id='word_1_231' title='bbox 363 3082 499 3147; x_wconf 62' lang='grc' dir='ltr'><strong><em>ἔδοντο.</em></strong></span> <span class='ocrx_word' id='word_1_232' title='bbox 547 3084 649 3161; x_wconf 87' lang='lat' dir='ltr'>Magis</span> <span class='ocrx_word' id='word_1_233' title='bbox 673 3085 747 3141; x_wconf 89' lang='lat' dir='ltr'>mihi</span> <span class='ocrx_word' id='word_1_234' title='bbox 771 3084 875 3160; x_wconf 86' lang='lat' dir='ltr'>placet</span> <span class='ocrx_word' id='word_1_235' title='bbox 899 3104 967 3142; x_wconf 89' lang='lat' dir='ltr'>cum</span> <span class='ocrx_word' id='word_1_236' title='bbox 991 3084 1154 3143; x_wconf 90' lang='lat' dir='ltr'>Wundero</span> <span class='ocrx_word' id='word_1_237' title='bbox 1175 3094 1207 3143; x_wconf 86' lang='lat' dir='ltr'>et</span> <span class='ocrx_word' id='word_1_238' title='bbox 1222 3084 1362 3143; x_wconf 85' lang='lat' dir='ltr'>Nauckio</span> 
     </span>
     <span class='ocr_line' id='line_1_28' title="bbox 189 3186 1364 3274; baseline -0.003 -20"><span class='ocrx_word' id='word_1_239' title='bbox 189 3191 357 3260; x_wconf 62' lang='grc' dir='ltr'><strong><em>αύτούς-ὲ</em></strong></span> <span class='ocrx_word' id='word_1_240' title='bbox 372 3230 385 3240; x_wconf 98' lang='grc'>-</span> <span class='ocrx_word' id='word_1_241' title='bbox 409 3189 564 3274; x_wconf 80' lang='grc' dir='ltr'><strong><em>κλήρους</em></strong></span> <span class='ocrx_word' id='word_1_242' title='bbox 597 3186 733 3272; x_wconf 82' lang='grc' dir='ltr'><strong><em>ἔπηλαν</em></strong></span> <span class='ocrx_word' id='word_1_243' title='bbox 758 3192 894 3248; x_wconf 86' lang='lat' dir='ltr'>scribere</span> <span class='ocrx_word' id='word_1_244' title='bbox 919 3189 1031 3248; x_wconf 79' lang='lat' dir='ltr'>collato</span> <span class='ocrx_word' id='word_1_245' title='bbox 1057 3191 1132 3248; x_wconf 87' lang='lat' dir='ltr'>Ant.</span> <span class='ocrx_word' id='word_1_246' title='bbox 1159 3192 1222 3249; x_wconf 83' lang='grc'>396</span> <span class='ocrx_word' id='word_1_247' title='bbox 1246 3190 1364 3271; x_wconf 88' lang='grc' dir='ltr'><strong><em>κλῆρος</em></strong></span> 
     </span>
     <span class='ocr_line' id='line_1_29' title="bbox 189 3296 1087 3374; baseline -0.006 -14"><span class='ocrx_word' id='word_1_248' title='bbox 189 3297 344 3360; x_wconf 79' lang='grc' dir='ltr'><strong><em>ἐπάλλετο.</em></strong></span> <span class='ocrx_word' id='word_1_249' title='bbox 392 3299 454 3357; x_wconf 85' lang='lat' dir='ltr'>Sed</span> <span class='ocrx_word' id='word_1_250' title='bbox 478 3299 633 3374; x_wconf 89' lang='lat' dir='ltr'>scriptura</span> <span class='ocrx_word' id='word_1_251' title='bbox 657 3297 798 3355; x_wconf 91' lang='lat' dir='ltr'>codicum</span> <span class='ocrx_word' id='word_1_252' title='bbox 822 3296 950 3355; x_wconf 86' lang='lat' dir='ltr'>retineri</span> <span class='ocrx_word' id='word_1_253' title='bbox 973 3301 1087 3374; x_wconf 87' lang='lat' dir='ltr'>potest.</span> 
     </span>
    </p>

    <p class='ocr_par' dir='ltr' id='par_1_5' title="bbox 189 3398 1425 3906">
     <span class='ocr_line' id='line_1_30' title="bbox 278 3398 1362 3487; baseline -0.001 -26"><span class='ocrx_word' id='word_1_254' title='bbox 278 3404 326 3463; x_wconf 86' lang='lat' dir='ltr'>El.</span> <span class='ocrx_word' id='word_1_255' title='bbox 355 3406 416 3461; x_wconf 91' lang='grc'>122</span> <span class='ocrx_word' id='word_1_256' title='bbox 442 3424 484 3463; x_wconf 89' lang='lat' dir='ltr'>ss.</span> <span class='ocrx_word' id='word_1_257' title='bbox 508 3404 572 3465; x_wconf 87' lang='grc' dir='ltr'><strong><em>τίνα</em></strong></span> <span class='ocrx_word' id='word_1_258' title='bbox 588 3405 704 3476; x_wconf 80' lang='grc' dir='ltr'><strong><em>τάκεις</em></strong></span> <span class='ocrx_word' id='word_1_259' title='bbox 720 3404 878 3487; x_wconf 76' lang='grc' dir='ltr'><strong><em>οἰμωγὰν</em></strong></span> <span class='ocrx_word' id='word_1_260' title='bbox 897 3398 1145 3485; x_wconf 77' lang='grc' dir='ltr'><strong><em>Ἀγαμέμνονα.</em></strong></span> <span class='ocrx_word' id='word_1_261' title='bbox 1179 3403 1247 3461; x_wconf 88' lang='grc' dir='ltr'>Ηοο</span> <span class='ocrx_word' id='word_1_262' title='bbox 1264 3422 1362 3461; x_wconf 84' lang='lat' dir='ltr'>exem-</span> 
     </span>
     <span class='ocr_line' id='line_1_31' title="bbox 189 3507 1425 3596; baseline 0.001 -27"><span class='ocrx_word' id='word_1_263' title='bbox 189 3512 273 3588; x_wconf 89' lang='lat' dir='ltr'>plum</span> <span class='ocrx_word' id='word_1_264' title='bbox 297 3512 430 3569; x_wconf 91' lang='lat' dir='ltr'>omnium</span> <span class='ocrx_word' id='word_1_265' title='bbox 455 3510 547 3569; x_wconf 87' lang='lat' dir='ltr'>orado</span> <span class='ocrx_word' id='word_1_266' title='bbox 573 3509 811 3568; x_wconf 84' lang='lat' dir='ltr'>audacissimum</span> <span class='ocrx_word' id='word_1_267' title='bbox 836 3520 893 3584; x_wconf 78' lang='lat' dir='ltr'>est,</span> <span class='ocrx_word' id='word_1_268' title='bbox 920 3529 987 3567; x_wconf 89' lang='lat' dir='ltr'>cum</span> <span class='ocrx_word' id='word_1_269' title='bbox 1008 3507 1072 3584; x_wconf 84' lang='lat' dir='ltr'>jam</span> <span class='ocrx_word' id='word_1_270' title='bbox 1095 3509 1198 3576; x_wconf 87' lang='grc' dir='ltr'><strong><em>τάκεις</em></strong></span> <span class='ocrx_word' id='word_1_271' title='bbox 1221 3510 1364 3588; x_wconf 82' lang='grc' dir='ltr'><strong><em>οἰμωγάν</em></strong></span> <span class='ocrx_word' id='word_1_272' title='bbox 1419 3584 1425 3596; x_wconf 26' lang='grc' dir='ltr'><strong><em>ι</em></strong></span> 
     </span>
     <span class='ocr_line' id='line_1_32' title="bbox 191 3614 1361 3693; baseline -0.002 -18"><span class='ocrx_word' id='word_1_273' title='bbox 191 3616 330 3675; x_wconf 69' lang='lat' dir='ltr'>audacias</span> <span class='ocrx_word' id='word_1_274' title='bbox 365 3616 491 3692; x_wconf 88' lang='lat' dir='ltr'>plenum</span> <span class='ocrx_word' id='word_1_275' title='bbox 526 3619 580 3674; x_wconf 89' lang='lat' dir='ltr'>sit:</span> <span class='ocrx_word' id='word_1_276' title='bbox 606 3615 695 3693; x_wconf 81' lang='lat' dir='ltr'>facia,</span> <span class='ocrx_word' id='word_1_277' title='bbox 722 3622 757 3674; x_wconf 89' lang='lat' dir='ltr'>ut</span> <span class='ocrx_word' id='word_1_278' title='bbox 780 3615 1083 3691; x_wconf 81' lang='lat' dir='ltr'>querelaliquescat</span> <span class='ocrx_word' id='word_1_279' title='bbox 1106 3618 1125 3674; x_wconf 92' lang='lat' dir='ltr'>i.</span> <span class='ocrx_word' id='word_1_280' title='bbox 1152 3635 1178 3673; x_wconf 88' lang='lat' dir='ltr'>e.</span> <span class='ocrx_word' id='word_1_281' title='bbox 1204 3614 1361 3675; x_wconf 86' lang='lat' dir='ltr'>fundatur.</span> 
     </span>
     <span class='ocr_line' id='line_1_33' title="bbox 191 3720 1363 3802; baseline -0.002 -21"><span class='ocrx_word' id='word_1_282' title='bbox 191 3723 269 3781; x_wconf 85' lang='lat' dir='ltr'>Tum</span> <span class='ocrx_word' id='word_1_283' title='bbox 303 3724 390 3782; x_wconf 89' lang='lat' dir='ltr'>velut</span> <span class='ocrx_word' id='word_1_284' title='bbox 424 3733 494 3800; x_wconf 87' lang='lat' dir='ltr'>post</span> <span class='ocrx_word' id='word_1_285' title='bbox 529 3724 686 3802; x_wconf 81' lang='grc' dir='ltr'><strong><em>οἰμώζεις,</em></strong></span> <span class='ocrx_word' id='word_1_286' title='bbox 712 3724 910 3782; x_wconf 84' lang='lat' dir='ltr'>accusativus</span> <span class='ocrx_word' id='word_1_287' title='bbox 940 3722 1075 3780; x_wconf 87' lang='lat' dir='ltr'>additur.</span> <span class='ocrx_word' id='word_1_288' title='bbox 1124 3721 1187 3779; x_wconf 87' lang='lat' dir='ltr'>Sed</span> <span class='ocrx_word' id='word_1_289' title='bbox 1210 3722 1243 3778; x_wconf 93' lang='lat' dir='ltr'>in</span> <span class='ocrx_word' id='word_1_290' title='bbox 1265 3720 1363 3796; x_wconf 88' lang='lat' dir='ltr'>lyrico</span> 
     </span>
     <span class='ocr_line' id='line_1_34' title="bbox 191 3826 1364 3906; baseline -0.003 -18"><span class='ocrx_word' id='word_1_291' title='bbox 191 3829 326 3889; x_wconf 87' lang='lat' dir='ltr'>carmine</span> <span class='ocrx_word' id='word_1_292' title='bbox 350 3829 399 3888; x_wconf 86' lang='lat' dir='ltr'>hic</span> <span class='ocrx_word' id='word_1_293' title='bbox 422 3829 508 3888; x_wconf 87' lang='lat' dir='ltr'>locus</span> <span class='ocrx_word' id='word_1_294' title='bbox 533 3839 590 3906; x_wconf 83' lang='lat' dir='ltr'>ost,</span> <span class='ocrx_word' id='word_1_295' title='bbox 615 3836 647 3887; x_wconf 87' lang='lat' dir='ltr'>ct</span> <span class='ocrx_word' id='word_1_296' title='bbox 667 3830 749 3904; x_wconf 89' lang='lat' dir='ltr'>quod</span> <span class='ocrx_word' id='word_1_297' title='bbox 765 3837 898 3887; x_wconf 81' lang='lat' dir='ltr'>metrum</span> <span class='ocrx_word' id='word_1_298' title='bbox 915 3848 974 3886; x_wconf 92' lang='lat' dir='ltr'>non</span> <span class='ocrx_word' id='word_1_299' title='bbox 991 3827 1145 3901; x_wconf 84' lang='lat' dir='ltr'>convenit,</span> <span class='ocrx_word' id='word_1_300' title='bbox 1164 3826 1364 3904; x_wconf 83' lang='lat' dir='ltr'>antistrophae</span> 
     </span>
    </p>
   </div>
   <div class='ocr_carea' id='block_1_3' title="bbox 190 3932 1448 4011">
    <p class='ocr_par' dir='ltr' id='par_1_6' title="bbox 190 3932 1448 4011">
     <span class='ocr_line' id='line_1_35' title="bbox 190 3932 1448 4011; baseline -0.002 -17"><span class='ocrx_word' id='word_1_301' title='bbox 190 3955 300 3996; x_wconf 91' lang='lat' dir='ltr'>versus</span> <span class='ocrx_word' id='word_1_302' title='bbox 316 3938 429 3995; x_wconf 86' lang='lat' dir='ltr'>tertius</span> <span class='ocrx_word' id='word_1_303' title='bbox 448 3936 623 3994; x_wconf 82' lang='lat' dir='ltr'>claudicare</span> <span class='ocrx_word' id='word_1_304' title='bbox 640 3937 773 3995; x_wconf 87' lang='lat' dir='ltr'>videtur.</span> <span class='ocrx_word' id='word_1_305' title='bbox 810 3936 890 3994; x_wconf 91' lang='lat' dir='ltr'>Nam</span> <span class='ocrx_word' id='word_1_306' title='bbox 906 3934 1041 4011; x_wconf 83' lang='lat' dir='ltr'>strophae</span> <span class='ocrx_word' id='word_1_307' title='bbox 1054 3955 1081 3993; x_wconf 93' lang='lat' dir='ltr'>v.</span> <span class='ocrx_word' id='word_1_308' title='bbox 1095 3933 1210 3993; x_wconf 86' lang='lat' dir='ltr'>tertius</span> <span class='ocrx_word' id='word_1_309' title='bbox 1227 3932 1364 3991; x_wconf 84' lang='lat' dir='ltr'>clausula</span> <span class='ocrx_word' id='word_1_310' title='bbox 1445 3972 1448 3981; x_wconf 90' lang='lat'>-</span> 
     </span>
    </p>
   </div>
   <div class='ocr_carea' id='block_1_4' title="bbox 189 4039 1365 4335">
    <p class='ocr_par' dir='ltr' id='par_1_7' title="bbox 189 4039 1365 4335">
     <span class='ocr_line' id='line_1_36' title="bbox 189 4039 1364 4120; baseline -0.003 -20"><span class='ocrx_word' id='word_1_311' title='bbox 189 4043 349 4120; x_wconf 83' lang='lat' dir='ltr'>glyconeae</span> <span class='ocrx_word' id='word_1_312' title='bbox 382 4041 500 4120; x_wconf 83' lang='lat' dir='ltr'>periodi</span> <span class='ocrx_word' id='word_1_313' title='bbox 524 4043 729 4100; x_wconf 88' lang='lat' dir='ltr'>usitatissima</span> <span class='ocrx_word' id='word_1_314' title='bbox 753 4047 810 4101; x_wconf 85' lang='lat' dir='ltr'>est.</span> <span class='ocrx_word' id='word_1_315' title='bbox 838 4076 876 4085; x_wconf 77' lang='lat'>-</span> <span class='ocrx_word' id='word_1_316' title='bbox 903 4041 994 4112; x_wconf 82' lang='lat' dir='ltr'>Quod</span> <span class='ocrx_word' id='word_1_317' title='bbox 1018 4046 1121 4099; x_wconf 84' lang='lat' dir='ltr'>autem</span> <span class='ocrx_word' id='word_1_318' title='bbox 1147 4039 1364 4098; x_wconf 78' lang='lat' dir='ltr'>Schneidewin</span> 
     </span>
     <span class='ocr_line' id='line_1_37' title="bbox 190 4144 1364 4228; baseline -0.001 -22"><span class='ocrx_word' id='word_1_319' title='bbox 190 4148 363 4226; x_wconf 83' lang='lat' dir='ltr'>exemplum</span> <span class='ocrx_word' id='word_1_320' title='bbox 387 4154 557 4226; x_wconf 89' lang='lat' dir='ltr'>comparat,</span> <span class='ocrx_word' id='word_1_321' title='bbox 583 4148 634 4207; x_wconf 83' lang='lat' dir='ltr'>Tr.</span> <span class='ocrx_word' id='word_1_322' title='bbox 654 4151 695 4207; x_wconf 87' lang='grc'>59</span> <span class='ocrx_word' id='word_1_323' title='bbox 712 4148 907 4227; x_wconf 76' lang='grc' dir='ltr'><strong><em>πανδάκρυτ’</em></strong></span> <span class='ocrx_word' id='word_1_324' title='bbox 928 4147 1092 4228; x_wconf 75' lang='grc' dir='ltr'><strong><em>ὀδύρματα</em></strong></span> <span class='ocrx_word' id='word_1_325' title='bbox 1109 4146 1165 4226; x_wconf 79' lang='grc' dir='ltr'><strong><em>τήν</em></strong></span> <span class='ocrx_word' id='word_1_326' title='bbox 1178 4144 1364 4224; x_wconf 82' lang='grc' dir='ltr'><strong><em>Ἡράκλειον</em></strong></span> 
     </span>
     <span class='ocr_line' id='line_1_38' title="bbox 190 4253 1365 4335; baseline -0.007 -19"><span class='ocrx_word' id='word_1_327' title='bbox 190 4255 302 4325; x_wconf 85' lang='grc' dir='ltr'><strong><em>ἔξοδον</em></strong></span> <span class='ocrx_word' id='word_1_328' title='bbox 326 4255 504 4335; x_wconf 80' lang='grc' dir='ltr'><strong><em>γοαιμένην,</em></strong></span> <span class='ocrx_word' id='word_1_329' title='bbox 528 4274 589 4313; x_wconf 92' lang='lat' dir='ltr'>non</span> <span class='ocrx_word' id='word_1_330' title='bbox 613 4259 699 4312; x_wconf 88' lang='lat' dir='ltr'>recte</span> <span class='ocrx_word' id='word_1_331' title='bbox 724 4260 891 4331; x_wconf 83' lang='lat' dir='ltr'>comparat.</span> <span class='ocrx_word' id='word_1_332' title='bbox 938 4254 1016 4312; x_wconf 92' lang='lat' dir='ltr'>Nam</span> <span class='ocrx_word' id='word_1_333' title='bbox 1042 4253 1176 4332; x_wconf 79' lang='grc' dir='ltr'><strong><em>γοᾶσδαι</em></strong></span> <span class='ocrx_word' id='word_1_334' title='bbox 1193 4254 1293 4328; x_wconf 89' lang='lat' dir='ltr'>ipsum</span> <span class='ocrx_word' id='word_1_335' title='bbox 1308 4271 1365 4327; x_wconf 86' lang='lat' dir='ltr'>per</span> 
     </span>
    </p>
   </div>
   <div class='ocr_carea' id='block_1_5' title="bbox 191 4359 1264 4440">
    <p class='ocr_par' dir='ltr' id='par_1_8' title="bbox 191 4359 1264 4440">
     <span class='ocr_line' id='line_1_39' title="bbox 191 4359 1264 4440; baseline -0.003 -19"><span class='ocrx_word' id='word_1_336' title='bbox 191 4381 225 4421; x_wconf 89' lang='lat' dir='ltr'>se</span> <span class='ocrx_word' id='word_1_337' title='bbox 250 4363 462 4420; x_wconf 84' lang='lat' dir='ltr'>accusativum</span> <span class='ocrx_word' id='word_1_338' title='bbox 485 4362 576 4438; x_wconf 73' lang='lat' dir='ltr'>regit,</span> <span class='ocrx_word' id='word_1_339' title='bbox 602 4368 633 4418; x_wconf 87' lang='lat' dir='ltr'>ot</span> <span class='ocrx_word' id='word_1_340' title='bbox 658 4360 822 4440; x_wconf 74' lang='grc' dir='ltr'><strong><em>ὀδύρματα</em></strong></span> <span class='ocrx_word' id='word_1_341' title='bbox 847 4360 1003 4418; x_wconf 88' lang='lat' dir='ltr'>internum</span> <span class='ocrx_word' id='word_1_342' title='bbox 1027 4359 1182 4435; x_wconf 80' lang='lat' dir='ltr'>obJ&#39;octum</span> <span class='ocrx_word' id='word_1_343' title='bbox 1206 4365 1264 4418; x_wconf 85' lang='lat' dir='ltr'>cst.</span> 
     </span>
    </p>
   </div>
   <div class='ocr_carea' id='block_1_6' title="bbox 0 0 1614 4912">
    <p class='ocr_par' dir='ltr' id='par_1_9' title="bbox 0 0 1614 4912">
     <span class='ocr_line' id='line_1_40' title="bbox 0 0 1614 4912; baseline 0 0"><span class='ocrx_word' id='word_1_344' title='bbox 0 0 1614 4912; x_wconf 95' lang='lat' dir='ltr'> </span> 
     </span>
    </p>
   </div>
  </div>
 </body>
</html>
