3210 4912
1268 293 1305 350 17

175 450 413 512 ε’κτελευτιῖσθαι
437 453 570 529 πόνων,
595 451 687 524 (ruam
712 450 954 509 enuntiationem
979 451 1025 509 sic
1048 457 1207 509 construo:
1233 452 1352 531 ἔφραζε

173 563 297 618 τοιαῦτα
326 559 497 637 εἱμαρμένα
520 556 601 635 πρὸς
624 557 724 651 θεῶνι
735 563 798 618 τῶν
817 555 1013 637 Ἡρακλείων
1036 557 1145 618 πόνιον
1170 560 1204 638 (i.
1232 579 1257 616 ε.
1282 559 1352 637 περὶ

173 669 263 725 τῶν·
277 661 303 744 ·)
340 664 572 724 ἕκτελευτιῖσθαι
609 684 663 740 pro
699 664 817 743 έαραζε
845 665 1034 744 εἱμαρμένον
1057 663 1141 743 πρὸς·
1160 664 1247 725 θεῶν
1270 666 1352 738 τοὺς

170 768 374 849 Ἡρακλείους
397 772 532 842 πόνους
555 770 790 836 ἐκτελευιᾶσθαι
806 777 950 832 τοιαῦτα
968 756 1035 847 (ubi
1054 777 1177 831 τοιαῦτα
1194 773 1351 829 internum
1417 776 1424 792 ‘

174 877 233 954 obj.
260 878 369 955 esset),
395 879 461 935 sive
487 881 610 936 servato
636 876 743 935 ordine
767 877 876 937 τοιαῦτ’
903 877 1021 956 ’ἔφραζε
1044 877 1124 956 πρὸς
1140 877 1227 938 θεῶν
1243 879 1350 957 εἱμαρ-

172 985 268 1063 μένον
291 982 362 1051 τοδς
382 981 448 1042 Ἡ·
462 1006 517 1050 ους
541 983 774 1043 έκτελευτεῖσθαι
797 982 923 1053 πόνους,
947 985 992 1042 ita
1016 990 1050 1041 ut
1071 991 1102 1042 et
1123 983 1194 1051 τοὺς
1208 1024 1220 1032 -
1233 984 1351 1052 πόνους

172 1096 203 1149 et
226 1096 349 1151 τοιαῦτα
375 1110 442 1149 cum
466 1091 560 1147 verbo
578 1090 749 1169 εἱμαρμένα
767 1091 988 1167 anticipatione
1002 1090 1111 1166 juncta
1126 1093 1197 1150 sint.
1238 1091 1350 1150 Latine

174 1204 235 1256 est:
273 1197 352 1255 dixit
382 1219 399 1256 a
429 1196 489 1254 diis
525 1201 678 1255 statutum
714 1216 793 1274 esse,
830 1203 865 1256 ut
893 1197 1040 1256 Herculei
1068 1198 1189 1257 labores
1213 1199 1294 1257 hunc
1318 1201 1349 1257 in

172 1305 294 1363 modurn
306 1304 489 1362 finirentur.
526 1303 548 1361 J
552 1305 609 1363 ebb
628 1304 800 1382 complures
819 1304 1052 1381 explanationes
1071 1304 1170 1364 affert.
1207 1307 1349 1380 Plerique

174 1410 275 1470 critici
310 1412 393 1469 hunc
427 1411 527 1468 locum
561 1417 615 1469 aut
642 1417 798 1488 resecant,
824 1411 906 1486 quod
929 1413 1046 1469 minimi
1070 1412 1186 1471 laboris
1212 1419 1269 1489 est,
1296 1420 1349 1471 aut

171 1518 277 1576 multis
311 1517 410 1576 modis
442 1521 574 1576 mutant.
627 1519 697 1576 Meo
733 1519 858 1592 quidem
889 1517 1009 1595 judicio
1044 1524 1209 1594 utrumque
1242 1540 1348 1596 super-

171 1645 339 1683 vacaneum
363 1630 419 1683 est.

262 1750 287 1788 c.
334 1732 540 1791 Accusatiuus
564 1731 670 1806 objecti
696 1730 822 1807 anticip.
869 1731 943 1788 Ant.
970 1732 1034 1788 490
1058 1732 1163 1810 κείνην
1179 1732 1245 1791 ἴσον
1262 1732 1347 1791 ἔπαι-

172 1841 285 1916 τιιῖιμαι
311 1834 413 1899 τοῦδε
436 1837 602 1917 βουλεῦσαι
625 1839 753 1918 τάφου.
799 1838 872 1896 Ant.
902 1839 985 1895 1098
1009 1833 1199 1918 εὐβουλίας
1223 1838 1275 1908 δεῖ,
1292 1845 1351 1899 παῖ

172 1941 364 2014 Μενοικέως,
399 1943 511 2024 λαβεῖν.
558 1944 605 2002 El.
633 1944 696 2001 542
722 1964 746 2002 s.
772 1942 790 2024 ἧ
815 1950 886 2005 τῶν
914 1945 1010 2025 ἐμῶν
1032 1943 1138 2024 Ἅιδης
1161 1945 1212 2004 τιν’
1239 1946 1347 2024 ἵμερον

171 2052 302 2112 τέκνων
329 2051 349 2130 ἥ
376 2057 447 2112 τῶν
480 2051 598 2130 ἐκείνης
630 2052 700 2130 ἔσχε
725 2050 892 2111 δαίσασθαι
915 2070 971 2128 pro
995 2049 1014 2130 ἦ
1034 2049 1140 2130 Ἅιδης
1163 2052 1214 2111 τιν’
1239 2053 1347 2131 ἵμερον

123 2204 125 2208 ,
170 2157 239 2237 ἔσχε
270 2156 306 2217 τὰ
339 2156 398 2237 ε’μιῖ
431 2158 521 2218 τέκνα
552 2157 718 2218 δαίσασθαι
742 2157 836 2218 πλέον
860 2160 879 2238 η’
903 2157 938 2217 τοὶ
963 2158 1089 2237 ἐκείνης.
1137 2156 1233 2216 Ost).
1262 2160 1344 2216 1211

168 2262 249 2331 ὅστις
276 2271 340 2326 τοῦ
364 2261 514 2336 πλέονος
536 2266 666 2347 μέρους
687 2264 793 2345 χρῄζει
817 2270 870 2324 τοῦ
894 2265 1020 2344 μετρίου
1043 2264 1152 2343 παρείς
1176 2265 1267 2335 ζώειν
1289 2286 1345 2342 pro

168 2370 250 2438 ὅστις
277 2369 383 2451 χρῄζει
411 2369 445 2430 τὸ
473 2370 567 2431 πλέον
589 2371 687 2449 μέρος
711 2371 802 2441 ζώειν
826 2376 884 2429 cet.
934 2370 970 2429 Ο.
996 2369 1030 2429 O.
1059 2372 1119 2428 752
1144 2367 1289 2452 ἥδε---
1307 2373 1344 2432 οὐ

167 2477 280 2557 γάμων
314 2477 462 2556 ἔμπειρος
496 2476 571 2537 ἀλλὰ
609 2475 701 2557 (οὖσα
737 2477 785 2535 uel
820 2478 892 2556 ἔστι)
928 2477 1106 2544 τούπιόνιος
1129 2477 1266 2555 ἁρπάσαι
1289 2498 1344 2554 pro

165 2583 344 2650 τούπιόντος
382 2583 442 2644 ἐστὶ
481 2583 572 2663 τήνδε
610 2583 757 2663 ἁρπάσαι,
793 2583 905 2641 latine:
942 2585 974 2641 in
1010 2582 1177 2659 cujuslibet
1212 2585 1344 2644 hominis

166 2695 322 2768 potestate
356 2699 405 2748 est·
438 2690 518 2748 hauc
552 2710 671 2766 rapere.
720 2688 755 2749 Ο.
781 2689 814 2749 O.
843 2691 925 2748 1581
952 2709 975 2747 a.
1001 2691 1020 2749 ἃ
1050 2689 1080 2749 δ’
1112 2688 1149 2769 ἦν
1177 2690 1212 2750 τὰ
1241 2714 1342 2771 πραχ-

165 2797 245 2858 θέντ’
264 2797 336 2858 οὔθ’
363 2798 382 2858 δ
406 2794 525 2879 μῦθος
548 2797 580 2857 έν
602 2798 717 2877 βραχεῖ
736 2797 854 2878 φράσαι
878 2797 1022 2876 πάρεστιν
1046 2797 1116 2856 οὔτε
1131 2796 1214 2875 τᾶργ’
1240 2797 1285 2857 ὅσ’
1305 2796 1343 2877 ἦν

165 2904 231 2964 ἐκεῖ
261 2924 316 2982 pro
352 2903 428 2964 ἀλλὰ
463 2905 533 2964 οὔτε
567 2902 620 2964 τὸν
646 2903 763 2983 μῦθον,
787 2904 851 2964 τ’ίνα
875 2901 914 2984 ἦν
928 2943 940 2951 -
955 2943 977 2973 -,
1001 2902 1145 2981 πάρεστιν
1169 2903 1287 2982 φράσαι
1311 2904 1343 2964 ἒν

165 3011 277 3092 βραχεῖ
308 3011 377 3073 οὔτε
411 3009 446 3071 αλ
482 3011 567 3089 ἔργα,
603 3010 661 3071 ὅσα
697 3008 736 3090 ἦν
771 3011 840 3079 ἐκεῖ,
876 3008 914 3090 ἦν
949 3010 981 3070 ἕν
1014 3009 1128 3089 βραχεῖ
1154 3009 1340 3090 (Teurnier).

167 3115 202 3176 Ο.
231 3119 270 3177 R.
303 3118 387 3175 1169
422 3116 503 3196 πρὸς
537 3119 635 3198 αὐτῷ
670 3117 697 3195 γ’
735 3116 795 3196 εἰμὶ
828 3120 879 3198 τῷ
914 3113 1020 3197 δεινῷ
1054 3115 1151 3194 λέγειν
1178 3137 1233 3192 pro
1262 3117 1343 3197 πρὸς

164 3232 208 3304 τῷ
242 3222 317 3285 αὐτὸ
352 3222 386 3284 τὸ
422 3222 522 3285 δεινὸν
556 3223 660 3302 λέγειν.
705 3224 755 3280 Ai.
784 3222 845 3279 165
871 3242 895 3281 e.
920 3223 1030 3302 χήμεῖς
1062 3221 1155 3282 οὐδὲν
1187 3223 1342 3302 σθένομεν

163 3331 256 3412 πρὸς
299 3326 388 3392 ταῦτ’
437 3329 652 3400 ἀπαλέξασθαι
699 3335 755 3389 σοῖν
801 3328 900 3408 χωρίς
945 3349 1000 3405 pro
1048 3326 1140 3388 οὐδέν
1186 3329 1341 3410 σθένομεν

165 3436 379 3508 ἀπαλέξασθαι
405 3443 499 3498 ταῦτα
513 3477 526 3486 -
540 3476 561 3496 -.
609 3434 783 3495 Scholiasta
807 3434 887 3514 πρὸς
910 3441 1003 3496 ταῦτα
1024 3434 1129 3511 jungit
1153 3455 1222 3493 cum
1246 3438 1340 3495 verbo

164 3542 386 3615 ἀπαλέξασθαι,
411 3545 494 3619 quod
517 3564 572 3621 pro
597 3544 815 3614 ἀντιτάξασθαι
839 3563 908 3602 esse
934 3542 1020 3600 dicit.
1068 3540 1130 3599 Sed
1153 3562 1251 3617 neque
1268 3550 1340 3618 post

163 3650 378 3722 ἀπαλέξασθαι
413 3669 512 3724 neque
545 3656 616 3728 post
645 3670 817 3727 synonyma
842 3649 1062 3728 ἀπαμύνεσθαι
1087 3655 1140 3706 aut
1165 3649 1340 3728 ἀμύνεσθαι

163 3757 258 3816 talem
293 3761 482 3814 structuram
516 3757 632 3834 inveni,
669 3776 768 3832 neque
803 3777 872 3814 mea
907 3756 1059 3816 vocabula
1079 3755 1232 3833 jungendi
1260 3757 1338 3814 ratio

162 3863 380 3922 difficultatem
403 3863 507 3925 habet.
547 3865 691 3939 Plerique
717 3863 855 3922 editores
880 3868 993 3920 tacent.
1033 3862 1173 3940 Blaydes
1198 3862 1338 3941 ἀνταμεί-

161 3971 274 4050 βεσθαι
308 3971 373 4029 sine
408 3991 502 4029 causa
525 3973 679 4048 proponit.
706 4006 747 4013 —
772 3969 871 4028 Simili
894 3970 984 4028 modo
1008 3968 1146 4028 fortasse
1172 3968 1338 4045 explanan-

163 4077 234 4136 dum
257 4086 306 4136 est
329 4077 409 4134 Phil.
428 4079 467 4134 81
494 4075 554 4156 ἡδιί
571 4076 630 4156 γάρ
646 4101 672 4136 τι
688 4083 790 4157 κτῆμα
807 4084 868 4158 τῆς
883 4079 984 4158 νίκης
999 4076 1111 4157 λαβεῖν.
1150 4075 1338 4150 Legitimum

163 4189 230 4243 erat
265 4184 367 4242 dicere
403 4182 462 4264 ἡδὺ
496 4183 554 4262 γάρ
583 4207 608 4242 τι
635 4189 738 4263 κτῆμα
762 4183 817 4263 τὴν
842 4184 929 4262 νίκην
952 4181 1063 4263 λαβεῖν.
1111 4181 1173 4240 Sed
1196 4180 1337 4239 victoriae

161 4292 245 4349 notio
270 4311 338 4349 cum
362 4288 559 4349 substantivo
582 4296 686 4369 κτῆμα
711 4289 928 4364 conglutinata
948 4296 1006 4349 est.
1044 4290 1338 4365 Praetereapoterat

162 4397 224 4456 dici
260 4399 353 4455 etiam
382 4399 441 4456 sic:
468 4395 525 4478 ηδδ
551 4397 610 4476 γάρ
633 4420 659 4455 π
682 4402 784 4476 κτῆμα
808 4397 831 4477 ἡ
856 4399 937 4478 νίκη
962 4395 1074 4476 λαβεῖν.
1122 4394 1337 4454 Schneidewin

1285 4499 1300 4545 2
