3210 4912
311 279 349 336 16

263 438 380 514 injecit.
427 436 536 511 Neque
571 438 652 494 enim
688 435 851 511 quisquam
886 437 1008 511 ignorat
1035 435 1222 494 infinitivum
1247 438 1336 511 quasi
1359 456 1437 495 mor-

263 555 350 602 tuum
383 563 488 602 casum
521 544 712 601 substantivi
744 541 855 617 luisse,
880 562 939 616 quo
962 545 1058 616 graeci
1082 533 1222 602 omnibus
1247 545 1438 620 temporibus
1518 529 1519 532 δ

265 637 489 710 adverbialiter
513 657 686 723 uterentur,
711 650 757 707 ita
771 654 815 735 ¹ut
827 648 1050 724 limitationem,
1066 649 1166 727 finem,
1185 652 1438 726 consequentiam

264 756 454 833 significaret
470 754 495 835 ¹)
522 776 569 815 ex.
594 776 641 834 gr.
666 756 684 816 ὁ
707 761 781 824 παῖς
799 754 897 823 κολδς
913 753 952 835 ἧν
969 754 1044 816 ἰδεῖν
1064 787 1094 804 =
1112 756 1130 817 ὁ
1146 762 1219 824 παῖς
1234 755 1332 824 καλὸς
1347 755 1387 838 ἦν
1402 755 1437 817 τδ

264 862 347 932 εἶδος
381 884 405 922 s.
442 861 522 924 κατὰ
558 860 593 940 τὸ
629 860 721 933 εἶδος,
755 869 788 921 et
819 864 845 920 si
878 862 936 920 hoc
965 862 1004 921 ad
1029 862 1203 940 exemplum
1223 861 1286 938 jam
1312 863 1439 922 allatum

265 969 524 1044 accommodatur,
549 969 656 1049 κείνην
677 969 864 1049 ἐπαιτιῶμαι
880 968 973 1030 τοῦδε
989 967 1157 1050 βουλεῦσαι
1173 968 1276 1048 τάφου
1289 999 1320 1016 =
1332 969 1439 1050 κείνην
1517 967 1520 972 ’

189 1122 191 1126 ψ
265 1063 451 1156 ἕπαιτιιῖνμαι
474 1075 567 1137 τοῦδε
590 1075 693 1155 τάφου
717 1073 850 1136 κατὰτὸ
866 1074 1035 1156 βουλεῦσαι
1052 1095 1076 1133 s.
1093 1073 1174 1137 κατά
1190 1074 1247 1155 τὴν
1262 1074 1437 1156 βούλευσιν,

264 1183 376 1242 latine:
402 1182 487 1241 illam
511 1202 624 1241 accuso
648 1180 741 1257 hujus
752 1178 948 1260 sepulturae,
974 1181 1057 1257 quod
1081 1183 1120 1240 ad
1137 1181 1298 1241 consilium
1316 1183 1437 1240 attinet.
1519 1173 1521 1178 ’

266 1289 376 1347 Multis
412 1289 536 1364 quidem
569 1288 645 1347 locis
674 1308 723 1347 res
746 1290 792 1348 ita
815 1289 955 1367 expediri
979 1294 1011 1347 et
1033 1295 1138 1365 potest
1162 1297 1193 1348 et
1217 1289 1320 1363 debet,
1346 1287 1439 1347 oredo

266 1403 369 1454 tamen
392 1397 424 1453 in
448 1395 520 1464 aliis
544 1397 596 1453 vix
620 1395 727 1470 licere,
762 1397 937 1472 praesertim
962 1397 987 1453 si
1011 1394 1184 1483 infinitivus
1208 1393 1284 1456 εἶναι
1308 1401 1368 1470 est,
1392 1413 1438 1452 ex.

265 1525 312 1579 gr.
338 1501 465 1582 σφόδρα
490 1502 565 1583 ἡμῖν
590 1502 639 1563 δεῖ
660 1504 780 1585 ἄκρων
803 1497 894 1564 εἶναι
916 1508 988 1564 τῶν
1011 1503 1203 1585 ἀρχόντων.
1250 1499 1334 1572 Quid
1359 1501 1439 1560 enim

266 1619 316 1669 est
340 1609 419 1668 illud
445 1610 520 1690 ἡμῖν
545 1608 594 1670 δεῖ
613 1614 678 1670 τῶν
702 1608 869 1689 ἀρχόντων
892 1609 1005 1688 ἄκρων
1029 1607 1108 1670 κατὰ
1131 1606 1167 1669 τὸ
1184 1606 1282 1669 ελναιδ
1305 1608 1440 1684 Langui-

193 1697 196 1702 ’
267 1718 339 1776 dum
375 1736 448 1775 sane
484 1723 516 1775 et
550 1716 723 1775 molestum.
771 1715 870 1775 Credo
907 1717 1051 1792 equidem
1086 1720 1118 1775 et
1152 1716 1211 1775 hoo
1240 1721 1272 1774 et
1299 1714 1441 1773 illudad

267 1823 419 1900 ejusmodi
453 1825 698 1881 constructiones
734 1822 886 1881 creandas
920 1823 1059 1882 valuisse
1094 1822 1159 1897 sed,
1189 1830 1295 1882 utrum
1319 1842 1441 1898 quoque

266 1931 332 1989 loco
367 1930 438 2006 plus
461 1929 605 2002 valuerit,
626 1914 699 1986 'raro
725 1949 911 2003 quemquam
935 1929 1113 1988 discernere
1137 1948 1239 2006 posse.
1287 1917 1442 2004 Itaquea

267 2055 300 2094 re
335 2055 404 2093 mea
438 2054 498 2092 non
535 2034 669 2092 alienum
704 2042 778 2110 puto
814 2034 963 2110 exempla,
998 2054 1067 2109 quae
1093 2035 1218 2109 quidem
1241 2036 1362 2111 possint
1384 2035 1442 2092 hoc

267 2160 382 2216 genere
407 2130 638 2217 anticipationis
662 2139 811 2217 expediri,
836 2142 869 2199 in
893 2141 1030 2198 ordinem
1053 2140 1182 2198 redacta
1206 2139 1355 2217 proferre.

357 2265 385 2305 a.
434 2247 615 2324 Sttbjcctttm
649 2245 794 2305 infinitivi
818 2248 1031 2324 anticipatum.
1071 2247 1121 2305 Tr.
1148 2247 1189 2304 56
1214 2265 1238 2304 s.
1263 2246 1292 2306 εἰ
1311 2246 1443 2329 πατρὸς

268 2355 357 2433 νέμοι
390 2354 442 2414 τιν’
477 2353 567 2431 ὤραν
591 2358 646 2413 τοῦ
669 2352 778 2421 καλῶς
800 2352 952 2431 πράσσειν
976 2351 1091 2423 δοκεῖν,
1119 2353 1174 2410 ubi
1198 2352 1372 2428 subjectum
1396 2354 1441 2410 in·
1506 2425 1508 2429 Ι

267 2459 380 2518 finitivi
415 2438 534 2537 πατέρα
572 2460 795 2536 anticipatione
828 2479 897 2518 oum
926 2460 1123 2518 substantivo
1147 2460 1247 2538 ὤραν,
1272 2479 1373 2535 aquo
1397 2461 1442 2518 in-

269 2565 409 2625 finitivus
432 2565 558 2643 pendet,
579 2565 722 2642 junctum
746 2576 805 2626 est.
853 2565 956 2626 Velim
981 2564 1122 2625 conseras
1147 2551 1217 2625 adn.
1243 2565 1360 2627 Jebbii.
1405 2569 1443 2626 In

269 2673 328 2732 hoe
361 2691 474 2750 genere
497 2673 721 2732 numerandum
744 2692 815 2733 esse
839 2680 914 2751 puto
939 2672 975 2733 Ο.
1002 2672 1036 2733 O.
1065 2675 1149 2732 1443
1174 2695 1198 2733 ε.
1223 2681 1330 2736 ταῦτα
1354 2674 1384 2735 δ’
1411 2675 1443 2735 ἑν

268 2787 313 2860 τῷ
337 2779 462 2860 δαίμονι
485 2779 538 2840 καὶ
561 2779 635 2860 τῇδε
658 2786 754 2860 (μεῖναι
775 2781 901 2861 χάτέρᾳ,
919 2780 1031 2840 latine:
1056 2782 1124 2840 haec
1139 2801 1235 2858 penes
1251 2782 1343 2840 deum
1360 2787 1442 2858 sunt7

270 2894 373 2945 utrum
408 2887 465 2946 hoo
498 2886 587 2944 modo
611 2885 689 2944 fiant
713 2907 752 2944 an
775 2886 838 2961 illo,
863 2907 917 2964 pro
942 2887 1000 2946 hac
1023 2885 1122 2947 forma
1146 2890 1323 2947 sententiaa:
1348 2906 1443 2964 penes

271 2993 363 3052 deum
385 2998 444 3068 est,
469 3001 572 3051 utrum
596 2994 709 3051 haec-·
724 3028 744 3051 -.

358 3106 386 3157 b.
432 3100 602 3159 laternum
626 3099 779 3176 objectum
802 3098 948 3159 infinitivi
966 3102 1092 3178 antioip.
1128 3100 1310 3178 Exemplum
1326 3100 1445 3176 praebet

270 3206 360 3264 Plato
390 3205 428 3264 de
458 3206 518 3284 leg.
550 3207 613 3265 626
639 3205 743 3274 δοκεῖς
765 3229 820 3286 μοι
843 3214 905 3290 τῆς
927 3207 1006 3268 θεοῦ
1030 3208 1237 3288 ἐπωνυμίας
1259 3207 1346 3277 άξιος
1370 3204 1444 3266 εἶναι

270 3312 534 3392 ἐπονομάζεσθαι.
580 3312 730 3373 Similiter
754 3313 902 3391 explicari
926 3319 1033 3392 potest
1055 3313 1133 3372 Phil.
1159 3315 1220 3371 891
1248 3333 1273 3371 s.
1299 3311 1372 3373 οὑπὶ
1396 3310 1446 3392 νηὶ

271 3419 338 3487 ἃλις
371 3421 483 3493 πόνος
516 3419 649 3481 τούτοισι
685 3421 838 3482 συνναίειν
873 3421 945 3500 ε’·μοί
970 3441 1024 3496 pro
1048 3419 1115 3487 ἅλις
1137 3419 1270 3481 τούτοισι
1295 3419 1447 3480 συνναίειν

206 3571 211 3580 -
271 3525 342 3606 ἐμοὶ
364 3525 419 3588 τὸν
442 3526 492 3587 ἐπὶ
515 3527 565 3608 νηὶ
588 3526 687 3588 πόνον
711 3529 730 3586 i.
756 3547 783 3588 e.
809 3511 958 3588 ἐπίπονον
981 3526 1157 3587 συνουσίαν.
1205 3527 1286 3584 Item
1301 3526 1446 3585 Kaibelio

272 3640 398 3693 auctore
422 3633 470 3692 El.
497 3635 560 3692 219
586 3653 611 3692 s.
635 3632 672 3694 τά
701 3633 737 3695 δὲ
764 3640 828 3702 τοῖς
857 3634 1000 3700 δυνατοῖς
1023 3632 1083 3693 οὐκ
1107 3632 1211 3711 ἐριστὰ
1235 3632 1369 3694 πλάθειν
1392 3652 1447 3710 pro

271 3738 308 3800 τὰ
342 3738 376 3801 δὲ
408 3739 542 3800 πλάθειν
568 3745 631 3808 τοῖς
660 3739 804 3808 δυνατοῖς
828 3739 887 3801 οὐκ
911 3738 1032 3818 ε’·ριοτάν
1055 3739 1135 3800 ἔστιν
1157 3740 1209 3799 vel
1231 3739 1286 3802 τὸν
1308 3745 1448 3800 τοιοῦτον

272 3843 470 3926 πλησιαομδν
493 3844 626 3906 πλάθειν
649 3852 713 3914 τοῖς
737 3845 880 3914 δυνατοῖς
904 3846 962 3907 οὐκ
987 3845 1108 3925 ε’·ριοτόν
1131 3846 1219 3908 ἔστιν.

360 3970 381 4010 a
400 3958 481 4010 eth.
528 3951 570 4010 Et
602 3953 777 4028 ειιομοιιιιιι
810 3957 843 4011 et
876 3954 1039 4013 ιἰιιονιιιιιιι
1063 3954 1216 4029 objectum
1241 3952 1367 4027 anticip.
1394 3949 1445 4007 Tr.

182 4134 185 4139 .
276 4059 337 4117 169
362 4078 387 4117 s.
411 4053 538 4121 τοιαῦτ’
569 4059 689 4138 ἔφραζε
712 4057 794 4138 πρὸς
822 4058 910 4120 θεῶν
938 4061 1112 4140 εἱμαρμένα
1135 4065 1206 4121 τῶν
1224 4053 1449 4140 Ἡρακλείων

365 4215 385 4281 ¹)
409 4215 556 4265 Delbriick
577 4217 655 4280 Synt.
676 4218 792 4268 Forsch.
813 4217 852 4267 IV
871 4233 897 4282 p.
919 4219 968 4274 121
989 4234 1026 4268 ss.
1046 4217 1080 4268 Κ.
1101 4217 1269 4280 Brugmann
1289 4213 1346 4265 Gr2
1360 4218 1374 4277 ξ
1390 4216 1448 4264 179.

274 4305 303 4354 L.
325 4305 517 4354 Gru'inenwald
536 4306 591 4356 Int'.
613 4306 662 4355 der
682 4307 852 4356 Limitation
872 4310 910 4356 im
931 4308 1044 4357 Grieoh.
1064 4323 1090 4371 p.
1112 4307 1126 4355 1
1147 4305 1278 4367 (Schanz.
1298 4306 1386 4354 Beitr.
1401 4303 1448 4361 ΙΙ).

275 4394 413 4442 Goodwin
432 4395 532 4443 Moods
553 4395 609 4444 and
628 4395 735 4445 Tenses
756 4400 788 4458 ἐξ
811 4398 859 4445 741
881 4413 917 4447 se.
