3210 4912
1247 277 1332 337 89.

165 440 292 494 coactus
329 441 387 509 est,
423 433 491 496 fieri
518 442 633 510 potest,
658 443 692 493 ut
716 437 743 494 is
767 437 821 510 q'ui
843 435 1012 511 respondet
1036 470 1073 479 -
1097 442 1140 494 et·
1156 437 1190 494 in
1208 435 1335 512 dialogo

164 540 417 601 verisimillimum
453 546 500 601 est
524 541 616 621 ¹hanc
651 548 841 602 structuram
876 549 974 602 ortam
999 548 1125 602 flasset
1147 544 1190 605 ihi
1212 545 1336 620 semper

163 649 361 724 potissimum
384 649 550 713 habitabat
574 685 614 692 —-
641 649 772 708 alterius
795 651 965 709 orationem
984 651 1157 724 continuet,
1175 654 1234 725 q'uo
1250 648 1335 709 iacto

163 756 428 830 interrogativum,
465 756 547 831 quod
574 758 805 833 responsionem
830 757 964 815 exordiri
982 758 1162 835 oportebat,
1181 777 1243 816 -suo
1267 758 1335 816 lo'co

164 860 321 937 repulsum
345 863 441 920 solum
466 862 642 940 apponitur.
690 863 768 925 Turn
791 864 1045 939 interrogativum
1069 868 1105 920 ut
1128 863 1335 939 praecedentis

163 969 317 1026 enuntiati
351 977 469 1045 partem
504 969 644 1045 accipere
680 971 914 1045 assuescebant,
952 969 1037 1027 unde·
1066 967 1200 1028 factum.
1217 976 1276 1044 est,
1294 978 1336 1027 ‘ut

164 1074 315 1151 analogiae
348 1075 382 1133 vi
410 1075 460 1133 hic
485 1095 559 1134 usus
587 1077 619 1133 in
643 1079 877 1152 omnes'partes
902 1076 1096 1135 dilataretur.
1144 1076 1336 1151 Quamquam

164 1182 245 1258 apud
278 1181 457 1258 Sophoclem
491 1184 671 1259 angustiore
701 1184 833 1264 circuitu
856 1184 1042 1258 continetur,
1067 1183 1149 1257 quod
1171 1203 1212 1243 ex
1235 1170 1335 1243 exemss

162 1287 223 1364 plis
248 1290 421 1365 apparebit:
447 1289 497 1347 Ai.
527 1291 587 1348 106
613 1310 638 1348 s.
664 1289 746 1348 Aiax
762 1290 869 1351 θανεῖν
886 1288 946 1370 γὰρ
962 1289 1058 1351 αὐτὸν
1073 1290 1112 1351 οὔ
1128 1291 1157 1350 τί
1169 1313 1222 1351 πο)
1238 1290 1333 1365 θέλω.

163 1394 239 1453 Ath.
274 1394 347 1473 πρὶν
381 1396 421 1456 ἂν
456 1399 490 1457 τί
522 1395 641 1476 ὂράσῃς
676 1398 694 1476 ἢ
730 1400 765 1458 τί
793 1395 948 1475 κερδάνῃς
981 1396 1094 1470 πλέον·
1117 1398 1169 1457 Tr.
1197 1399 1280 1456 1185
1310 1418 1333 1458 s.

163 1500 245 1580 ὄμνυ
263 1540 275 1557 r
294 1541 307 1550 -
325 1541 347 1562 -.
373 1539 413 1545 —
438 1501 457 1583 ἦ
481 1501 546 1582 μὴν
568 1505 604 1564 τί
625 1503 766 1582 δράσειν·
791 1503 826 1562 Ο.
845 1502 878 1562 Ο.
900 1505 985 1562 1724
1007 1502 1099 1564 πάλιν
1123 1503 1276 1582 carlianter
1293 1540 1333 1563 —.-

162 1607 208 1675 ὡς
231 1611 265 1669 τί
285 1609 433 1689 ῥέξομεν,·
458 1609 494 1670 Ο.
519 1609 553 1668 O.
580 1612 644 1669 398
672 1611 762 1678 ὅπως
784 1613 825 1671 τί
840 1610 957 1690 <lpidam
981 1609 1061 1668 Phil.
1090 1612 1172 1670 1206
1197 1611 1243 1678 ὡς
1258 1613 1335 1672 τίνα

162 1714 256 1794 ῥέξῃς
279 1715 429 1795 πάλάμον
451 1718 543 1790 nore,
567 1717 618 1775 Ai.
645 1718 684 1775 77
709 1721 744 1779 τί
764 1717 808 1797 μὴ
827 1718 967 1797 pisarum·
984 1715 1038 1775 Cfr
1055 1718 1128 1776 Ant.
1150 1720 1210 1776 158
1227 1723 1333 1797 χωρεῖ,

161 1825 238 1883 τίνα
262 1821 300 1902 δὴ
324 1827 415 1902 μῆτιν
435 1822 573 1900 ἐρέσσων
580 1847 589 1894 ,-

250 1929 333 1986 Ηιιίο
369 1929 534 1988 sententia
571 1932 664 1989 etiam
697 1931 859 2008 particulae
888 1930 1022 2009 πότερον
1045 1932 1095 1989 vel
1119 1930 1235 2009 πότερα
1260 1951 1334 1990 usus

163 2043 341 2111 argumento
377 2042 434 2095 est.
482 2036 591 2112 Neque
627 2039 708 2096 enim
743 2037 881 2097 dubitari
915 2043 1029 2128 potest,
1058 2040 1133 2112 quin
1156 2025 1333 2123 pronomine

161 2142 294 2222 πότερον
318 2144 524 2203 antecedente
549 2165 616 2202 curn
640 2147 741 2222 posito
766 2152 819 2203 aut
844 2147 955 2203 omisso
977 2147 1070 2204 verbo
1087 2147 1222 2203 membra
1238 2147 1334 2205 inter-

161 2251 332 2325 rogationis
358 2251 535 2328 explicandi
559 2271 653 2311 causa
679 2258 789 2310 secuta
813 2254 887 2311 sint.
924 2252 1000 2310 Tum
1024 2251 1155 2331 πότερον
1171 2253 1202 2309 in
1218 2255 1333 2328 prioris

162 2357 314 2415 enuntiati
350 2361 497 2417 ambitum
532 2359 677 2434 illapsum
712 2359 887 2434 conjunctio
916 2359 1141 2435 interrogativa
1164 2359 1251 2418 facta
1275 2367 1332 2418 est.

161 2464 281 2522 Deinde
316 2465 479 2541 principali
513 2469 543 2523 vi
579 2468 745 2524 obscurata
782 2466 873 2525 etiarn
910 2469 942 2524 in
976 2469 1272 2542 interrogationibus
1297 2485 1334 2524 ex

161 2572 261 2628 tribus
295 2572 345 2629 vel
376 2571 518 2649 pluribus
546 2574 690 2631 membris
715 2573 894 2649 compositis
920 2573 1127 2631 adhibebatur
1151 2594 1197 2632 ex.
1223 2594 1269 2648 gr.
1296 2574 1332 2632 Ο,

161 2677 200 2737 R..
240 2679 301 2734 112
338 2697 362 2736 s.
398 2680 530 2760 πότερα
565 2677 593 2739 δ’
630 2679 663 2739 ἒν
697 2679 794 2745 οἴκοις
819 2679 836 2758 ἢ
857 2679 886 2739 ’ν
910 2678 1017 2758 ἀγροῖς
1040 2680 1059 2757 ἢ
1085 2685 1141 2759 γῆς
1164 2680 1213 2738 ἐπ’
1240 2680 1334 2760 άλλης

160 2784 241 2862 τῷδε
275 2785 441 2864 συμπίπτει
476 2785 586 2865 <primm
620 2786 762 2860 Denique
799 2785 897 2845 altero
930 2787 1064 2844 membro
1090 2806 1256 2862 suppresso
1281 2793 1334 2846 aut

162 2890 254 2948 aliter
289 2889 423 2949 formato
459 2891 553 2951 etiam
588 2892 761 2968 simplicem
795 2893 1071 2967 interrogationem
1101 2892 1331 2951 exordiebatur.

161 2996 272 3073 HujuS,
298 3019 387 3072 quem
411 3001 551 3075 proxime
575 2999 649 3075 dixi,
674 3019 748 3057 usus
766 3000 905 3076 exempla
921 3019 1020 3076 pauca
1039 2999 1181 3058 afferam:
1200 3001 1250 3059 Αἱ.
1269 3002 1333 3059 460

161 3125 185 3163 e.
219 3103 335 3183 adrepe
359 3104 442 3184 πρὸς
465 3107 574 3174 οἴκους
591 3146 604 3155 -
618 3145 631 3154 -
646 3146 659 3155 -
683 3106 817 3185 πέλαγος
840 3107 972 3186 Αἰγαῖον
993 3112 1100 3186 περᾶν·
1125 3109 1176 3165 ubi
1200 3107 1334 3166 alterum

160 3211 327 3269 membrum
362 3219 483 3271 mutata
516 3211 614 3270 forma
648 3233 677 3270 v.
704 3214 768 3271 466
793 3211 925 3273 cille..
943 3215 1093 3288 sequitur.
1142 3213 1177 3272 Ο,
1205 3213 1238 3272 O.
1269 3217 1332 3272 333

160 3316 275 3396 adrepe
299 3318 445 3399 aditorum
468 3318 548 3378 Phil.
576 3321 660 3377 1235
685 3318 801 3396 πότερά
826 3318 864 3399 δὴ
890 3324 1056 3398 κερτομών
1079 3319 1175 3398 λέγεις
1198 3320 1288 3391 mida·

248 3579 371 3646 XXII.
417 3587 468 3644 De
490 3589 747 3647 assimilatione
770 3604 961 3660 comprom.
985 3589 1020 3645 in
1046 3589 1242 3647 enuntiatis

661 3696 830 3753 relativis.

250 3870 282 3911 α.
329 3850 390 3908 Pro
424 3850 504 3911 ὥστε
540 3858 571 3910 et
606 3853 689 3910 infin.
727 3859 798 3929 poet
834 3852 919 3913 οὕτω
954 3852 1138 3929 particulam
1167 3854 1333 3912 verbovel

161 3956 315 4034 adjectivo
352 3956 526 4033 adjunctam
555 3960 725 4018 relativam
750 3963 943 4018 enuntiatum
966 3979 1193 4034 nonnumquam
1216 3963 1333 4036 reperi-

160 4084 236 4123 mus.
262 4064 356 4142 Apud
368 4064 553 4142 Sophoclem
567 4065 737 4142 exemplum
753 4074 801 4124 eat
818 4067 891 4124 Ant.
911 4068 975 4125 220
991 4066 1051 4127 οὐκ
1068 4067 1147 4127 ἔστιν
1164 4067 1248 4127 otro
1260 4073 1331 4147 μῶ-

161 4194 226 4248 ρος,
248 4173 288 4244 ὅς
310 4173 418 4233 ’λλονεῖν
441 4173 504 4255 ἐρᾷ
529 4170 588 4251 (cfr
611 4172 692 4230 Phil.
721 4175 780 4230 7151
807 4174 858 4249 a).
895 4174 954 4234 οὐκ
978 4175 1057 4234 ἔστιν
1081 4174 1109 4232 h.
1136 4174 1155 4232 l.
1181 4174 1264 4232 idem
1284 4187 1332 4233 est

161 4283 255 4352 atque
280 4279 382 4347 οὐδείς
405 4279 492 4350 ἔστιν,
516 4300 587 4339 nam
609 4280 721 4338 chorus
743 4280 781 4338 de
798 4280 928 4355 homine,
951 4279 1094 4356 quisquis
1112 4291 1169 4357 est,
1186 4281 1331 4356 loquitur.

160 4385 203 4444 Ut
227 4384 292 4460 jam
320 4385 352 4443 in
375 4389 540 4464 participio
565 4387 614 4444 Ai.
643 4388 703 4445 183
728 4386 796 4445 lieri
820 4387 963 4462 vidimus,
988 4388 1056 4446 haec
1080 4391 1271 4448 constructio
1295 4408 1332 4446 ex
