3210 4912
286 279 309 338 6

239 438 383 516 phoclem
399 439 520 496 inveni:
539 437 575 497 Ο.
590 437 624 496 d.
640 441 703 496 879
719 434 814 501 τάνδ’
834 438 881 518 ἄρ’
901 439 1006 500 οὐκέτι
1021 444 1111 520 νεμῶ
1126 440 1226 502 πόλιν.
1252 440 1287 500 Ο.
1305 440 1338 500 C.
1356 443 1417 501 775

238 545 286 614 τίς
307 546 397 627 αὕτη
421 545 532 625 τέρψις
555 544 693 612 ἄκοντος
715 545 832 624 φιλεῖν,Ι
856 547 909 603 ubi
934 565 1042 605 sensus
1066 549 1230 621 negativus
1247 554 1305 607 est.
1342 550 1416 606 Ant.
1481 546 1484 552 '

242 653 307 711 737
341 650 433 719 πόλις
467 649 529 731 γὰρ
564 651 624 712 οὐκ
653 650 723 713 ἔσθ’
753 653 828 734 ἣτις
862 651 981 730 ἀνδρὸς
1005 651 1074 714 ἔσθλ’
1101 653 1180 721 ἑνός.
1226 654 1273 711 Ex
1302 656 1418 713 ceteris

240 759 394 835 exemplis
418 759 499 817 satis
523 763 572 816 ost
601 756 725 817 afferre:
773 758 823 816 El.
854 761 872 817 6
898 779 940 817 ss.
966 761 1053 842 αὕτη
1075 795 1200 804 -----
1224 760 1326 840 ἀγορὰ
1350 760 1417 822 Λύ-

239 887 328 932 κειος
344 883 351 894 ·
368 862 436 938 οὑξ
469 863 635 943 ἀριστερᾶς
660 863 689 924 δ’
716 861 777 926 ὅδε
794 861 897 944 Ἥρας
921 864 939 925 ὁ
962 864 1084 933 κλεινὸς
1107 865 1192 934 ναός.
1240 866 1420 926 Consimilis

240 980 318 1032 sunt
348 971 462 1047 fragm.
499 973 562 1029 377
584 970 670 1031 Ἀσία
694 970 754 1050 μὲν
781 973 804 1053 η
834 960 1166 1054 ξύμπασσκλῄζεται
1191 980 1223 1032 θῖ
1247 977 1310 1033 862
1335 973 1420 1041 ε’λττὶς

241 1077 304 1158 γὰρ
326 1079 351 1160 ἡ
374 1075 559 1159 βόσκουσα
582 1075 655 1144 τοὺς
678 1076 816 1145 πολλοὺς
838 1078 975 1158 βροτῶν.

270 1186 272 1190 ’
331 1184 571 1259 Nonnumquam
598 1184 664 1243 haec
694 1184 878 1243 assimilatio
904 1187 1058 1244 omittitur
1082 1205 1129 1246 ex.
1155 1206 1201 1261 gr.
1226 1185 1336 1264 fragm.
1354 1189 1419 1245 494

239 1287 316 1354 τάδ’
347 1290 410 1352 ἐστὶ
437 1289 571 1371 κνισμὸς
598 1290 652 1351 καὶ
681 1290 870 1371 φιλημάτων
902 1292 1021 1372 ψόφος.
1070 1292 1105 1352 Ο.
1131 1292 1165 1351 O.
1191 1295 1254 1352 883
1280 1291 1332 1373 ἄρ’
1359 1293 1418 1373 οὐχ

242 1399 336 1480 ὕβρις
367 1393 442 1459 τάδ’
445 1420 458 1475 ,·
490 1397 572 1473 quod
601 1417 638 1456 ex
666 1397 841 1472 quotidiani
871 1401 1022 1457 sermonis
1047 1401 1270 1459 consuetudine
1293 1400 1420 1458 videtur

240 1510 419 1583 promptum
448 1524 518 1563 esse
548 1504 732 1584 (Schneid.).
781 1504 929 1563 Similiter
951 1504 1019 1565 fere
1042 1506 1173 1583 legimus
1197 1507 1245 1566 El.
1272 1509 1333 1565 881
1360 1507 1419 1586 οὐχ

243 1613 337 1694 ὕβριν
359 1611 444 1691 λέγω
467 1608 559 1690 τάδε,
583 1613 636 1669 ubi
661 1611 778 1670 codicis
802 1613 848 1670 La
872 1611 1027 1690 scriptura
1048 1616 1146 1690 prima
1162 1615 1290 1672 retineri
1306 1619 1418 1690 potest,

241 1739 428 1796 quamquam
455 1718 595 1795 plerique
625 1717 760 1777 editores
785 1720 929 1778 secundae
952 1740 1061 1778 manus
1086 1721 1308 1780 correctionem
1330 1720 1420 1800 ὕβρει

240 1831 439 1904 receperunt.

259 1995 262 2002 ,
331 1931 368 2015 β.
413 1933 588 1991 Pronomen
612 1931 777 1991 relativum
801 1953 862 1990 non
887 1933 1041 2008 correlati,
1067 1933 1123 1992 sed
1146 1933 1343 2010 praedicativi
1367 1954 1419 1992 no-

241 2041 334 2098 minis
357 2058 457 2116 genus
481 2045 514 2098 et
536 2057 695 2096 numerum
715 2039 871 2096 interdum
889 2039 1029 2116 accipere
1045 2059 1133 2099 nemo
1152 2046 1201 2098 est
1218 2042 1269 2114 qui
1285 2042 1418 2116 ignoret.

241 2147 425 2223 Exemplum
459 2147 631 2206 invenimus
658 2145 707 2204 ΕΙ,
738 2148 801 2204 203
836 2165 876 2204 ss.
903 2143 931 2206 ιῖι
959 2146 1024 2216 νύξ,
1054 2143 1082 2207 (ἶ)
1107 2146 1245 2208 δείπνων
1269 2147 1419 2225 ἀρρήτων

241 2252 376 2332 ἔκπαγλ’
406 2252 505 2333 ἄχθη,
533 2253 618 2324 τοὺς
645 2250 722 2330 ἒμὸς
746 2251 792 2311 ἴδε
814 2250 918 2330 πατὴρ
943 2251 1117 2319 θανάτους
1141 2272 1208 2326 quae
1232 2257 1267 2310 ut
1290 2257 1419 2310 mortem

240 2360 324 2419 vidit
347 2364 438 2436 pater
462 2379 548 2418 meus
572 2359 592 2416 i.
619 2378 645 2416 e.
671 2378 739 2431 quae
763 2376 831 2415 cum
854 2356 945 2431 vidit,
970 2363 1100 2416 mortem
1121 2357 1210 2416 vidit.
1258 2358 1371 2416 Nauck
1388 2369 1420 2416 et

242 2467 386 2543 Blaydes
421 2464 553 2524 Reiskio
589 2469 714 2522 auctore
749 2465 891 2523 scribunt
925 2469 996 2532 τοῖς.
1044 2463 1104 2523 'Sed
1128 2465 1154 2523 si
1179 2465 1217 2522 ab
1240 2464 1332 2522 initio
1356 2471 1420 2533 τοῖς

244 2574 371 2650 fuisset,
395 2591 456 2630 non
480 2572 632 2649 intelligo,
657 2572 740 2630 unde
764 2571 860 2630 multo
885 2571 1043 2630 difficilior
1066 2571 1158 2630 lectio
1181 2571 1256 2639 τούς
1280 2578 1347 2630 orta
1369 2573 1420 2645 sit,

242 2687 276 2739 θῖ
310 2682 343 2738 in
378 2679 490 2738 melica
516 2685 606 2756 parte
636 2680 795 2754 dramatis,
821 2680 874 2738 ubi
899 2677 1047 2736 audacior
1071 2677 1194 2736 feratur
1218 2677 1327 2752 oratio,
1352 2678 1421 2736 hacc

241 2787 306 2862 legi
330 2786 591 2845 considerandum
615 2791 672 2843 est.
709 2785 861 2842 Tournier
885 2784 1001 2860 aliique
1024 2790 1138 2861 putant
1165 2783 1239 2852 τοὺς
1267 2783 1344 2864 ἐμὸς
1361 2790 1419 2843 θθῖ.

241 2915 313 2954 csse
336 2913 393 2971 pro
418 2889 447 2953 ὥ
470 2892 604 2953 θάνατοι
627 2890 701 2958 τοὺς
717 2926 729 2934 -
746 2926 757 2934 -
774 2926 785 2934 -
801 2927 822 2948 -.
872 2890 987 2949 Confer
1010 2891 1117 2949 Jebbii
1142 2892 1212 2949 adn.

332 3023 365 3084 γ.
412 3000 519 3057 Genus
554 3006 586 3056 θῖ
620 3018 770 3056 numerus
798 2996 963 3074 praedicati
993 2997 1158 3072 aliquando
1183 3017 1243 3055 non
1268 2997 1419 3073 subjecto,

151 3134 153 3139 ’
243 3109 302 3167 sed
330 3108 525 3184 appositione
555 3104 621 3181 ejus
646 3110 837 3163 statuuntur.
884 3104 971 3162 Idem
994 3103 1039 3176 fit,
1065 3123 1133 3162 cum
1158 3103 1329 3163 similitudo
1355 3107 1420 3161 sive

243 3215 374 3274 collatio
413 3212 551 3288 subjecto
587 3211 735 3287 adjuncta
769 3217 825 3271 est.
886 3212 1068 3288 Exemplum
1104 3211 1267 3288 Sophocles
1303 3212 1421 3286 praebet

244 3321 320 3382 uc.
348 3322 432 3378 1081
458 3339 512 3396 ss,
537 3320 589 3376 ubi
614 3317 814 3377 Coloneorum
839 3338 946 3377 senum
970 3319 1083 3377 chorus
1109 3319 1186 3376 dicit
1209 3317 1270 3376 ἀλλ’
1295 3316 1420 3376 delicio

162 3510 165 3515 Ι
244 3469 259 3477 -
275 3426 401 3495 πελειὰς
417 3467 431 3475 -
448 3425 582 3506 νεφέλας
605 3425 757 3504 κύρσαιμι
774 3422 1021 3508 -θεωρήσασα
1044 3423 1164 3503 τούμὸν
1188 3423 1288 3502 ὄμμα,
1318 3444 1421 3498 quam-

244 3556 337 3611 quam
369 3535 422 3592 hio
453 3534 541 3592 locus
566 3533 740 3608 corruptior
763 3533 889 3590 videtur
913 3551 992 3607 esse,
1018 3551 1108 3605 quam
1132 3536 1166 3588 ut
1191 3529 1358 3605 quidquam
1384 3530 1421 3586 de

243 3662 282 3701 θο
304 3663 362 3719 pro
386 3646 471 3699 certo
495 3638 653 3698 affirmare
679 3638 815 3697 audeam.

327 3745 367 3809 d.
413 3747 513 3827 Multo
548 3748 649 3803 rarior
683 3764 733 3803 res
770 3754 827 3819 est,
858 3764 926 3818 quae
956 3745 1074 3801 duobus
1098 3742 1174 3801 locis
1199 3743 1348 3801 dramatis
1373 3742 1421 3799 El.

243 3857 414 3930 invenitur,
439 3855 490 3927 qui
516 3861 589 3910 sunt
612 3873 662 3910 vv.
690 3853 752 3910 100
776 3871 800 3908 s.
825 3849 952 3917 κούδεὶς
975 3849 1097 3910 τούτοιν
1118 3847 1222 3916 οἶκτος
1243 3849 1297 3909 ἀπ’
1317 3845 1424 3930 ἄλλης

246 3965 265 4042 ἢ
296 3963 376 4041 ’μοῦ
410 3961 549 4040 φέρεται,
585 3966 617 4016 θῖ
652 3981 679 4017 v.
711 3959 774 4015 885
811 3956 874 4036 ἐγὼ
902 3956 962 4036 μὲν
991 3956 1024 4027 ἒξ
1052 3956 1131 4036 ἐμοῦ
1155 3980 1187 4016 τε
1210 3956 1292 4016 noda
1317 3951 1424 4037 ἄλλης

246 4067 498 4147 (intelligendum
532 4079 580 4125 est
614 4065 825 4126 riouacilouou
854 4064 904 4121 vel
928 4065 1032 4140 potius
1055 4062 1221 4142 μαθοῦσα)
1241 4101 1253 4110 -
1272 4101 1285 4110 -
1304 4101 1316 4109 -
1341 4061 1423 4140 τῷδε

243 4175 384 4236 πιστεύω
418 4173 514 4254 λόγῳ.
550 4174 735 4247 'Utrobique
770 4191 826 4248 pro
855 4169 1000 4229 feminino
1023 4189 1138 4245 genere
1163 4168 1258 4249 ἄλλης
1281 4168 1424 4226 masculi-

245 4303 319 4340 nnm
353 4280 451 4341 ἄλλοι)
486 4288 717 4357 exspectamus;
754 4299 822 4336 nam
860 4277 897 4335 de
925 4277 1046 4335 homine
1071 4277 1212 4350 quisquis
1236 4284 1285 4333 cst
1310 4277 1422 4349 agitur.

246 4390 308 4447 Sed
332 4388 443 4446 mulier
468 4394 516 4445 cst
541 4407 609 4461 quae
633 4387 778 4466 loquitur7
797 4392 913 4443 etcum
931 4391 1061 4457 utroque
1083 4383 1151 4441 loco
1169 4381 1325 4440 artissime
1342 4383 1425 4438 inter
