3210 4912
260 269 302 325 64

214 427 325 486 Nauck
364 427 553 486 Morstadtio
594 433 720 484 auctore
755 447 804 484 vv.
844 428 1061 486 roas-1039
1097 425 1275 485 rescindere
1309 426 1388 503 vult,

214 535 423 610 quamobrem,
460 539 495 591 ut
530 534 623 609 vulgo
658 532 703 608 lit,
729 533 831 591 omnia
855 536 932 592 mira
959 535 1079 610 reperit
1105 531 1171 610 (Ofr
1196 533 1267 591 adn.
1294 531 1388 610 ejus).

214 640 275 699 Sed
311 639 460 717 ejusmodi
497 639 629 716 argutiae
664 640 748 698 illius
773 641 877 698 astatis
903 639 1149 698 Atheniensibus
1173 639 1265 698 valde
1287 638 1389 716 place-

215 750 299 820 bant,
324 766 424 823 neque
449 747 630 823 Euripides,
654 746 778 805 etiamsi
803 747 842 804 iis
867 748 993 805 uberius
1018 765 1094 804 usus
1118 753 1177 820 est,
1202 747 1319 824 primus
1335 765 1389 806 eas

215 857 246 913 in
271 854 466 931 tragoediam
489 855 605 911 intulit.
653 854 725 931 Jam
750 854 830 930 apud
857 852 1047 930 Aeschylum
1071 852 1179 911 multis
1204 853 1280 913 locis
1304 855 1388 912 inve-

214 967 350 1034 niuntur,
376 980 422 1019 ex.
452 980 498 1035 gr.
528 960 617 1018 Eum.
642 959 673 1016 in
693 959 915 1035 jurisdictione
939 960 1019 1017 inter
1044 958 1184 1018 Orestem
1209 966 1241 1019 et
1264 961 1388 1020 Furias.

215 1068 257 1125 Et
292 1069 376 1125 inter
410 1086 464 1125 eos
490 1066 659 1143 Sophocles
683 1067 817 1124 medium
840 1067 941 1125 locum
964 1072 1057 1125 tenet.
1106 1067 1210 1142 Atque
1235 1067 1391 1126 Teucrum

215 1174 320 1232 multis
354 1181 385 1232 et
413 1172 579 1232 inutilibus
608 1173 711 1231 verbis
736 1193 832 1250 supra
855 1174 977 1231 modum
1001 1180 1147 1249 vagatum
1170 1193 1239 1232 esse
1263 1192 1390 1251 respon-

214 1302 282 1339 sum
318 1281 402 1339 chori
436 1280 586 1356 declarat,
617 1300 676 1354 quo
706 1299 775 1338 eum
799 1279 838 1338 ad
862 1299 964 1338 rerum
988 1281 1153 1339 veritatem
1177 1286 1317 1339 revocat:
1342 1280 1387 1362 μὴ

214 1393 290 1448 τεῖνε
324 1387 462 1467 μακράν,
497 1387 563 1448 ἀλλ’
601 1387 692 1454 ὅπως
724 1386 859 1466 κρύψεις
886 1387 980 1466 τάφῳ
1005 1394 1062 1446 cet.
1089 1423 1129 1428 —
1156 1387 1204 1445 El.
1231 1389 1294 1445 237
1318 1393 1390 1455 πῶς

213 1496 273 1556 ἐπὶ
296 1499 358 1561 τοῖς
381 1494 549 1573 φθιμένοις
572 1493 697 1572 ἀμελεῖν
720 1493 834 1565 καλόν,·
858 1493 991 1573 ἀμελεῖν,
1017 1493 1108 1569 quod,
1128 1499 1163 1551 ut
1179 1495 1302 1568 scimuS,
1320 1513 1388 1553 curn

214 1603 352 1677 genitivo
385 1600 476 1676 jungi
500 1601 587 1677 solet,
614 1601 758 1676 analogia
781 1602 944 1658 verborum
969 1600 1157 1672 σπουδάζειν
1181 1601 1388 1676 similiumque

215 1729 284 1766 cum
320 1709 369 1768 ἐντί
402 1715 434 1766 et
468 1707 532 1766 dat.
559 1707 699 1782 junctum
727 1716 783 1766 ast.
810 1744 850 1750 —-
880 1708 928 1766 El.
955 1710 1019 1766 83ῖ)
1044 1727 1067 1766 s
1093 1703 1167 1769 κατ’
1195 1708 1272 1786 ἐμοῦ
1295 1730 1388 1770 τακο-

214 1815 312 1894 μένας
345 1813 463 1893 μᾶλλον
498 1812 698 1896 ἐπεμβάσει.
747 1815 898 1873 Τοττταὶετ
925 1814 1004 1875 κατά
1035 1835 1103 1873 cum
1131 1814 1306 1893 τακομένας
1333 1833 1390 1890 per

215 1923 330 1979 tmesin
362 1920 475 1997 jungit,
506 1921 588 1995 quod
617 1922 643 1978 si
668 1927 752 1979 recte
776 1920 819 1995 fit,
845 1921 1042 2001 ἒπεμβαῖνετν
1067 1921 1096 1979 b.
1121 1920 1140 1978 l.
1167 1921 1274 1978 eodem
1297 1920 1388 1979 modo

214 2029 404 2085 construitur
429 2033 521 2102 atque
546 2048 613 2085 cum
638 2027 730 2086 locali
755 2048 846 2086 sensu
873 2028 1046 2087 adhibetur.
1095 2026 1207 2086 Potest
1230 2026 1288 2085 hoc
1309 2025 1387 2101 fieri,

214 2155 274 2192 non
298 2154 387 2210 nego.
413 2133 467 2190 sed
487 2133 569 2190 idem
586 2135 713 2191 verbum
729 2134 777 2192 El.
796 2135 870 2208 456,
888 2135 939 2191 ubi
957 2133 1032 2192 item
1048 2140 1142 2208 atque
1160 2154 1187 2191 v.
1206 2134 1270 2192 836
1287 2138 1389 2191 trans-

215 2241 277 2297 late
312 2240 436 2313 dicitur,
466 2259 534 2297 cum
562 2242 666 2299 clulius
688 2239 832 2314 jungitur
857 2245 949 2314 atque
974 2240 1006 2297 id
1030 2260 1215 2314 quamquam
1239 2239 1389 2298 vocabula

213 2343 303 2408 arodi
336 2346 441 2404 addito
477 2345 649 2404 similitudo
674 2347 752 2404 satis
778 2352 886 2421 aperta
910 2353 968 2404 est.
1017 2348 1130 2422 Itaque
1155 2346 1246 2405 credo
1271 2347 1389 2404 rectius

214 2473 282 2511 esse
312 2453 391 2513 κατά
421 2473 489 2510 cum
514 2453 612 2534 ἐμοῦ,
637 2453 719 2527 quod
743 2452 883 2530 plerique
907 2451 1037 2527 faciunt,
1063 2453 1259 2531 conjungere,
1284 2454 1329 2511 ita
1353 2462 1388 2511 ut

214 2559 412 2639 ἐπεμβαίνειν
441 2559 478 2616 arl
507 2558 745 2618 similitudinem
769 2580 874 2617 eorum
897 2562 1071 2635 verborum,
1096 2581 1165 2635 quae
1189 2558 1388 2636 vituperandi

214 2668 370 2724 notionem
406 2665 575 2740 continent,
613 2673 824 2725 constructum
858 2687 927 2724 esse
950 2673 1101 2742 putemne.
1148 2667 1281 2725 Accedit
1304 2667 1387 2741 qnod

214 2774 302 2833 κατά
336 2773 477 2848 pluribus
512 2772 589 2830 locis
625 2772 706 2849 apud
742 2772 925 2848 Sophoclem
957 2774 1080 2831 insolite
1110 2781 1277 2850 usurpatur
1306 2775 1387 2832 sicut

129 2948 132 2953 ι
215 2879 292 2937 Phil.
331 2881 393 2936 328
429 2877 483 2939 τὸν
511 2879 611 2957 μέγαν
639 2878 734 2958 χόλον
762 2874 836 2940 κατ’
868 2881 986 2941 αὐτῶν
1014 2879 1165 2958 ἐγκαλῶν,
1200 2899 1256 2956 pro
1284 2879 1386 2946 αὐτοῖς

214 2986 367 3064 ἐγκαλῶν.
414 2984 470 3043 Ct'r
495 2983 529 3042 Ο.
555 2983 589 3044 O.
619 2987 700 3043 1339
725 2992 756 3043 et
781 2986 830 3044 Αἰ.
857 2987 930 3045 969.

302 3090 337 3174 β.
385 3092 447 3151 Sed
477 3092 543 3149 haec
568 3092 729 3151 hactenus.
778 3092 850 3151 Jam
875 3093 912 3152 de
938 3093 1051 3169 majore
1077 3094 1176 3152 classe
1200 3093 1386 3152 locutionum

215 3198 380 3274 aggrediar
405 3199 516 3275 dicere,
542 3200 571 3256 in
597 3201 707 3272 quibus
731 3200 983 3276 praepcsitionnm
1008 3220 1083 3258 usus
1109 3206 1140 3257 et
1160 3202 1208 3258 vis
1225 3201 1387 3259 verborum

215 3326 275 3362 uon
311 3307 388 3362 satis
418 3312 600 3380 congruunt.
649 3306 703 3363 Fit
726 3305 807 3363 enim
831 3326 923 3383 saepe,
948 3313 983 3364 ut
1006 3308 1142 3382 verbum,
1168 3305 1250 3381 quod
1271 3311 1386 3363 motum

215 3411 381 3489 significat,
408 3432 472 3469 cum
500 3412 681 3488 adverbiali,
707 3413 789 3488 quod
814 3415 1032 3490 terminum-in
1057 3434 1115 3488 quo
1139 3411 1294 3490 exprimit,
1317 3431 1387 3472 con-

216 3518 364 3595 jungatur
388 3524 420 3576 et
444 3523 565 3578 corrtru.
614 3518 714 3577 Graeoi
738 3520 842 3578 dicere
866 3527 1034 3596 potueruut
1057 3520 1100 3587 sic
1122 3520 1212 3581 πόλιν
1231 3520 1387 3598 πάρεστιν,

214 3646 307 3699 quam
342 3632 531 3684 structuram
566 3624 766 3685 manifestum
802 3633 851 3684 est
885 3627 958 3684 inde
994 3629 1167 3700 exstitisse,
1202 3626 1285 3700 quod
1317 3627 1387 3684 duae

215 3733 387 3791 locutiones
412 3732 454 3799 εἰς
476 3732 566 3792 πόλιν
590 3732 737 3812 παρῆλθε
761 3741 793 3790 et
816 3733 849 3793 ἐν
872 3733 960 3794 πόλει
984 3734 1112 3811 πάρεστι
1129 3733 1196 3809 ejus
1213 3734 1267 3809 qni
1282 3732 1386 3807 loque-

215 3840 306 3897 batur
341 3840 439 3897 animo
476 3839 729 3914 obversabantur,
766 3840 822 3898 sed
857 3840 1018 3915 utriusque
1054 3840 1142 3898 modo
1169 3860 1242 3916 pars
1265 3842 1297 3897 iu
1321 3859 1387 3898 sen-

214 3947 314 4003 tentia
349 3946 579 4022 pronuntianda
614 3947 767 4023 provenit.
815 3948 928 4021 Itaque
965 3947 1057 4005 eredo
1086 3946 1263 4023 hujusmodi
1287 3954 1387 4007 struc-

216 4060 302 4110 turas
338 4053 369 4109 in
406 4053 532 4110 tertium
566 4071 664 4128 genus
688 4055 872 4129 syntacticae
898 4053 1128 4112 assimilationis
1152 4052 1261 4111 referri
1284 4072 1385 4130 posse.

214 4159 293 4218 Nam
329 4179 347 4216 a
381 4159 482 4218 solitis
519 4160 820 4237 compromissalibus
849 4162 1016 4219 structuris
1043 4160 1130 4218 nulla
1155 4160 1273 4223 aliare
1297 4157 1384 4218 diffe-

215 4274 297 4340 runt,
322 4268 383 4324 nisi
407 4264 489 4340 qnod
513 4285 550 4324 ex
575 4268 748 4324 actionibus
775 4272 829 4324 aut
845 4269 989 4343 statibus,
1006 4287 1083 4342 quos
1100 4268 1195 4325 verba
1213 4267 1387 4344 exprimunt

217 4373 394 4452 (παρῆλθεν
407 4408 447 4414 -
462 4373 625 4452 πάρεστιν;
652 4373 730 4431 alias
753 4392 799 4431 ex.
825 4393 870 4448 gr.
896 4373 951 4453 ἐμὲ
967 4372 1040 4434 τάδε
1055 4378 1160 4453 τιμᾶτε
1173 4408 1215 4416 -
1228 4371 1297 4452 ἐμοὶ
1313 4372 1387 4432 τάδε
