3210 4912
1305 250 1345 306 69

215 400 383 470 Kuhn.'11
409 411 471 466 542
497 408 588 468 Anm.
614 411 632 464 2
658 413 736 466 extr.
751 443 803 454 ⁴—-
841 406 938 464 Aliud
962 408 1137 484 exemplum
1161 415 1209 466 est
1234 408 1285 467 Tr.
1306 411 1390 466 1019

215 517 265 579 σοι’
285 539 317 577 τε
341 515 401 596 γὰρ
425 516 515 595 ὄμμα
539 511 691 596 ἔμπλεον
709 517 731 596 ἢ
750 513 789 575 δι’
809 514 888 593 ἐμοῦ
905 512 1025 593 σῴζειν,
1043 516 1095 572 ubi
1112 515 1262 589 quidquid
1278 516 1390 574 Nauck

214 624 302 701 dicit,
338 622 515 681 scholiastae
551 621 716 698 explicatio
751 605 827 678 mihi
861 621 985 694 quidem
1019 622 1189 698 probabilis
1218 623 1389 696 videretur,

214 730 304 789 mo'do
328 731 452 803 scirem,
476 740 549 787 num
573 726 710 807 ἔμπλεος
730 726 806 785 item
824 732 916 801 atque
932 727 1063 785 latinum
1079 728 1262 816 vocabulum
1278 728 1390 805 plenus

216 825 359 896 absolute
395 836 540 912 usurpari
563 840 679 912 posset,
705 835 808 892 itaut
832 832 915 892 idem
938 831 1004 893 fere
1030 840 1123 909 atque
1146 833 1391 911 perfectuscui

214 943 292 1001 nihil
317 942 449 1016 deesset,
474 940 602 1000 valeret.
649 940 697 999 De
721 940 877 1016 particula
900 963 932 1001 τε
956 939 1003 998 cfr
1026 930 1130 1000 Kahn.
1154 941 1189 998 ll
1213 943 1276 999 520
1297 923 1388 1001 Anni.

216 1052 244 1108 4.
292 1051 398 1107 Potuit
433 1048 510 1123 fieri,
546 1056 581 1105 ut
606 1048 704 1106 altera
729 1049 877 1122 cogitatio
907 1049 1006 1105 animo
1035 1049 1263 1107 obversaretur.
1310 1049 1389 1107 Nam

152 1218 155 1223 ,
215 1163 248 1216 et
270 1177 383 1234 magna
406 1157 437 1214 vi
460 1162 491 1214 et
514 1155 655 1212 manibus
680 1153 776 1213 firmis
800 1157 828 1213 ei
853 1174 929 1231 opus
954 1162 1032 1231 erat,
1050 1156 1104 1229 qui
1120 1155 1287 1214 Herculem
1303 1155 1389 1214 illurn

216 1265 320 1339 magni
356 1262 493 1339 corporis
526 1263 625 1320 virum
654 1268 685 1320 et
714 1263 766 1336 qui
795 1269 859 1321 tum
884 1261 1092 1320 acerbissimis
1115 1263 1295 1320 vulneribus
1320 1282 1389 1321 con-

215 1377 389 1429 sumeretur
424 1369 643 1428 sublevaturus
680 1376 757 1427 erat.
805 1369 851 1428 De
886 1368 1034 1427 universa
1062 1389 1096 1427 re
1122 1367 1170 1426 cfr
1195 1369 1230 1427 Ο.
1257 1369 1388 1428 Schwab

216 1499 243 1554 p.
271 1479 312 1535 98
337 1497 360 1536 s
387 1497 456 1535 cum
479 1488 561 1535 nota.

303 1607 334 1667 γ.
382 1583 432 1641 Ad
468 1585 700 1659 superlativum
737 1584 1049 1642 circumscribendum
1085 1585 1198 1665 scimus
1222 1583 1389 1659 positivum
1422 1590 1425 1597 '

216 1690 361 1767 adjectivi
397 1698 429 1749 et
463 1691 494 1751 εἴ
522 1714 567 1758 τις
603 1689 759 1747 interdurn
795 1691 933 1747 adhiberi
960 1692 1041 1749 sicut
1066 1689 1100 1749 O.
1127 1688 1161 1749 G.
1190 1691 1274 1747 1664
1298 1691 1389 1757 εἴτις

214 1799 341 1878 βροτῶν
373 1796 568 1876 θαυμαστός,
593 1782 788 1874 αι’ίορτίιοίο
811 1783 972 1873 Aristoph.
998 1776 1171 1855 Plutss'oob
1196 1796 1296 1876 ἄνδρα
1320 1796 1389 1857 τότε

214 1904 273 1984 μὲν
297 1903 502 1973 ἀθλιώτατον,
527 1909 584 1964 νῦν
609 1903 638 1964 θ’
664 1904 695 1964 εἴ
712 1904 767 1964 τιν’
793 1902 886 1964 ἄλλον
909 1904 1069 1983 μακάριον
1085 1903 1289 1983 κεύδαίμονα,
1306 1903 1387 1961 unde

216 2017 346 2087 apparet
368 2015 531 2085 utramque
556 2012 707 2068 rationem
731 2009 812 2068 idem
837 2009 903 2069 fere
927 2010 1042 2069 valere.
1078 2010 1140 2069 Sed
1156 2012 1386 2086 superlativum

215 2117 247 2175 in
263 2116 415 2194 ejusmodi
432 2117 587 2175 locutione
604 2137 659 2194 pro
675 2117 811 2194 positivo
826 2116 962 2195 positum
975 2118 1238 2197 (“pleonastisch“
1256 2117 1386 2175 Schwab

215 2245 243 2300 p.
269 2223 347 2299 405)
372 2223 544 2281 invenimus
569 2223 619 2282 Tr.
647 2225 664 2281 7
689 2242 713 2281 s.
739 2223 836 2284 ὄκνον
860 2220 1020 2305 ἄλγιστον
1036 2224 1128 2304 ἔσχον
1143 2226 1240 2296 εἴτις
1255 2223 1388 2290 Αἰτωλὶς

216 2330 302 2410 γονή,
339 2331 390 2387 ubi
425 2336 583 2388 structura
620 2350 657 2388 ex
693 2329 814 2389 duabus
849 2331 995 2405 loquendi
1019 2329 1138 2405 formiS,
1164 2350 1232 2406 quae
1257 2329 1385 2388 eandem

213 2438 400 2495 sententiam
436 2439 621 2513 exprimunt,
653 2435 762 2512 juncta
796 2443 858 2495 est:
884 2437 981 2497 ὄκνον
1005 2437 1147 2516 ἀλγεινὸν
1170 2438 1271 2517 ἔσχον,
1296 2438 1327 2497 εἴ
1343 2461 1387 2502 τις

214 2543 275 2604 At'.
301 2544 379 2623 χανή
404 2551 435 2601 et
459 2543 556 2604 ὄκνον
579 2542 722 2622 ἄλγιστον
737 2545 837 2623 -έσχον
858 2542 1042 2604 Αἰτοιλίθιον
1066 2550 1233 2623 γυναικῶν.

302 2649 336 2709 τό
371 2648 532 2710 κάλλιστον
566 2654 629 2710 τῶν
663 2650 828 2728 προτέρων
851 2649 935 2728 φάος
959 2650 1135 2725 similiaque
1160 2672 1218 2710 non
1244 2653 1386 2708 commix-

214 2756 296 2815 tione
332 2755 461 2814 duarum
496 2755 685 2815 locutionum
719 2755 857 2835 (κάλλιον
880 2761 944 2816 τῶν
967 2757 1134 2835 προτέρων
1159 2787 1199 2801 —=
1224 2758 1386 2819 κάλλιστον

212 2862 354 2942 πάντων)
380 2862 564 2939 explicanda
587 2883 657 2922 esse
678 2863 741 2939 jam
764 2862 899 2922 vidimus
924 2865 1004 2940 (cap.
1030 2864 1094 2942 HI,
1112 2884 1148 2925 XI
1160 2888 1183 2925 ε.
1222 2864 1275 2923 Ofr
1291 2868 1384 2924 etiam

213 2970 317 3028 Kiihn.
343 2970 478 3044 11420,
505 2972 533 3043 1,
570 2972 622 3044 qui
656 2978 758 3028 tamen
792 2969 867 3029 fines
891 2970 982 3044 hujus
1005 2971 1135 3047 genitivi
1155 2971 1238 3048 justo
1262 2973 1385 3050 longius

213 3076 356 3153 profert).
403 3077 501 3134 Addit
525 3085 628 3136 tamen
652 3077 782 3136 Schwab
809 3081 850 3155 (p.
877 3077 932 3155 42)
958 3099 989 3136 se
1014 3079 1139 3136 credere
1155 3099 1273 3156 graecos
1289 3081 1384 3157 ipsoS,

213 3204 281 3242 cum
314 3187 360 3242 ita
384 3185 524 3243 dicerent
547 3185 597 3242 vel
621 3185 803 3260 scriberent,
829 3187 1041 3260 separativum
1066 3187 1104 3263 (s.
1131 3186 1383 3263 comparationis)

213 3291 298 3349 illurn
321 3294 494 3368 genitivum
519 3311 587 3350 esse
603 3292 829 3368 posterioribus
846 3294 1035 3368 temporibus
1052 3313 1112 3350 nou
1129 3294 1267 3351 conscios
1282 3291 1384 3351 fuisse

212 3400 268 3456 sed
293 3419 361 3455 curn
385 3399 534 3475 partitivo
560 3397 741 3475 confusisse,
767 3417 835 3472 quae
859 3397 962 3475 opinio
985 3400 1140 3473 germanis
1164 3399 1313 3476 exemplis
1334 3398 1383 3456 fir-

212 3516 313 3563 matur
347 3508 427 3563 sicut
459 3506 527 3563 “ich
551 3507 604 3563 bin
630 3505 684 3563 der
704 3504 829 3582 jiingste
853 3524 913 3562 von
936 3507 1053 3564 meinen
1077 3505 1230 3580 Briidern,
1256 3506 1305 3563 ich
1330 3506 1384 3563 bin

212 3613 267 3670 der
302 3618 425 3686 gresstc
460 3633 519 3670 von
556 3612 663 3670 euch.“
715 3611 829 3669 Contra
865 3632 969 3670 veram
994 3614 1195 3689 comparativi
1221 3620 1253 3670 et
1276 3633 1383 3688 super-

212 3719 300 3776 lativi
334 3718 545 3776 confusionem
579 3719 750 3794 reperimus
774 3719 822 3776 El.
848 3720 908 3776 ‘201
936 3739 959 3776 s.
985 3715 1013 3779 α’)
1036 3723 1141 3791 ,πασᾶν
1164 3719 1251 3779 κείνα
1275 3716 1383 3781 πλέον

212 3825 316 3904 ἁμέρα
351 3824 476 3885 stolata
515 3822 663 3907 ἐχθίστα
698 3825 736 3905 δή
771 3848 826 3905 μοι
861 3846 915 3902 pro
948 3825 1043 3886 πλέον
1071 3824 1171 3905 ἐχθρὰ
1199 3830 1305 3887 τιασᾶν
1329 3832 1384 3885 aut

212 3933 337 4011 ι-’χθίοτα
362 3936 476 4000 πασᾶν,
500 3932 561 3989 nisi
586 3934 684 4006 inagis
709 3933 814 4008 placet
836 3932 932 3993 πλέον
956 3932 1100 4012 έχθιστος
1124 3934 1210 3991 velut
1227 3953 1382 4010 compara-

212 4041 309 4096 tivum
344 4046 454 4115 putare
489 4039 670 4115 superlativi
703 4039 855 4117 ἔχθιστος,
885 4039 971 4115 cujus
996 4041 1042 4097 vis
1067 4039 1142 4098 adeo
1168 4042 1279 4098 obtusa
1303 4052 1381 4115 erat,

213 4148 261 4202 rix
298 4153 332 4205 ut
367 4147 559 4223 superlativa
586 4148 671 4203 notio
696 4147 872 4220 sentiretur,
898 4147 980 4220 quod
1003 4147 1073 4204 inde
1100 4148 1210 4221 elucet,
1236 4148 1317 4221 quod
1342 4149 1380 4205 ad

213 4273 281 4310 rrum
310 4253 492 4311 adverbium
515 4252 657 4313 πλεῖστον
682 4253 824 4310 additum
848 4267 895 4311 ost
919 4254 998 4311 Plril.
1025 4256 1083 4310 (331
1113 4276 1137 4313 s.
1163 4260 1216 4333 τῆς
1239 4253 1382 4314 πλεῖστον

213 4360 357 4439 ι-’χθίστιχε
392 4360 458 4438 duci
477 4400 489 4408 -
507 4361 638 4440 έχίόνιχς,
690 4358 743 4417 Gfr
773 4358 807 4417 0.
838 4359 872 4419 C.
905 4363 965 4418 743
995 4381 1018 4420 s.
1055 4361 1195 4422 πλεῖστον
1227 4361 1381 4429 κάκιστος,
