3210 4912
1309 278 1348 334 19

219 442 320 514 imago
358 440 455 496 oritur
491 443 523 496 et
558 439 589 495 in
625 438 724 495 animo
762 436 866 510 aliquo
890 435 978 494 modo
1004 438 1230 514 concipiuntur.
1278 435 1323 494 Ut
1348 457 1394 514 ea,

220 565 287 622 quae
321 546 395 621 dixi,
431 545 470 603 ad
495 543 676 621 exemplum,
703 542 784 618 quod
810 543 910 618 attuli,
937 542 1111 618 adhibeam,
1136 548 1230 620 poeta
1253 544 1284 601 id
1309 563 1395 620 spec-

219 655 316 731 tabat,
345 658 381 710 ut
406 653 539 711 diceret:
565 651 583 711 ὁ
607 650 693 722 ξένος
717 652 774 712 σοὶ
797 649 849 710 καί
872 646 1060 732 πολίσματι
1084 650 1205 721 ε’παξισῖ
1227 652 1259 728 (i.
1286 671 1310 709 e.
1333 669 1396 727 pro

218 762 318 821 debito
342 759 445 837 habet)
472 759 563 838 χάριν
585 762 765 837 παρασχεῖν.
812 755 889 814 Cum
912 758 970 815 hac
994 756 1221 833 significatione
1239 757 1310 834 alia,
1329 776 1397 832 quae

211 875 268 926 -est
293 869 429 943 ιλίρκιιικ
452 866 575 938 habere,
604 884 638 923 sc
664 865 832 923 associavit
857 865 948 938 eique
972 863 1149 942 immiscuit,
1174 865 1256 922 unde
1280 860 1409 923 factum⁴

212 979 276 1048 est,
302 980 336 1031 ut
361 973 561 1032 accusativus
586 990 640 1048 pro
666 971 773 1029 dativo
790 971 977 1046 proveniret.
1015 970 1142 1047 Longus
1158 969 1214 1029 lui.
1251 971 1313 1029 Sed
1330 991 1397 1046 quae

213 1081 366 1154 «disserui,
402 1098 464 1136 non
500 1078 540 1136 ad
572 1078 638 1136 haec
662 1076 761 1135 solum
785 1077 936 1153 exempla,
962 1076 1020 1138 sed
1044 1077 1084 1135 ad
1106 1077 1205 1135 multa
1228 1080 1396 1154 pertinent.

309 1194 380 1246 cet
399 1193 427 1245 d.
470 1185 511 1243 Et
535 1187 660 1246 dativus
685 1191 717 1243 et
740 1187 940 1245 accusativus
965 1186 1138 1262 anticipati.
1186 1185 1264 1244 Phil.
1292 1187 1333 1243 60
1354 1206 1396 1244 ss.

219 1295 253 1357 οἵ
270 1315 308 1356 σε
321 1333 334 1342 -
348 1292 515 1380 στείλαντες
528 1331 541 1340 -
555 1331 568 1340 -
583 1331 595 1340 -
613 1292 670 1354 οὐκ
695 1292 833 1371 ἠξίωσαν
855 1298 926 1354 τῶν
946 1291 1121 1372 Ἀχιλλείων
1138 1289 1260 1354 ὅπλων
1276 1292 1398 1354 ἐλθόντι

221 1401 328 1465 δοῦναι
363 1401 483 1478 κυρίως
498 1395 523 1477 ¹)
561 1399 744 1478 αἰτουμένῳ,
780 1400 833 1456 ubi
869 1419 907 1460 σε
940 1398 1035 1483 etiam
1060 1399 1097 1456 ad
1123 1400 1261 1479 ἠξίωσαν
1284 1399 1398 1458 intelli-

218 1510 354 1585 gendum
389 1513 449 1583 est,
485 1526 540 1584 pro
574 1505 632 1568 οὐκ
656 1506 795 1585 ἠξίωσαν
819 1506 860 1566 τὰ
878 1500 1051 1589 'rixatus
1080 1503 1173 1567 ὅπλα
1197 1527 1254 1568 σοι
1277 1506 1398 1568 ἐλθόντι

222 1616 336 1678 δοῦναι.
383 1614 521 1690 Longius
550 1613 580 1672 h.
605 1613 625 1671 l.
651 1632 701 1670 res
725 1614 892 1690 processit,
918 1613 974 1671 sed
997 1615 1076 1671 ratio
1102 1613 1209 1672 eadem
1233 1621 1282 1672 est
1306 1620 1398 1689 atque

130 1775 133 1780 .
215 1721 258 1782 ·0.
284 1721 318 1780 O.
346 1723 429 1780 1495
455 1740 507 1795 ss,
533 1721 572 1778 de
596 1739 655 1794 quo
679 1719 746 1777 loco
770 1721 907 1795 proxime
933 1721 992 1795 egi.

283 1847 339 1886 «ε.
388 1828 551 1888 Genitivus
587 1825 788 1902 anticipatus.
836 1826 886 1884 Αἰ.
912 1828 976 1884 994
1001 1827 1085 1897 ἄξιος
1112 1824 1261 1910 θρήνων
1289 1835 1397 1909 τυχεῖν.

223 1934 271 1992 ΕΙ.
307 1935 371 1992 364
401 1941 463 2015 τῆς
495 1941 558 2015 σῆς
582 1933 685 1995 δὀὐκ
710 1933 774 2010 ἐρῶ
797 1939 898 2015 τιμῆς
920 1938 1028 2012 τυχεῖν.
1075 1934 1149 1992 Ant.
1176 1935 1239 1993 699
1264 1943 1401 2019 χρυσῆς

222 2040 291 2111 ἀξία
314 2047 414 2122 τιμῆς
436 2040 548 2120 λαχεῖν.
572 2077 614 2082 -
638 2038 678 2097 In
702 2040 749 2096 his
775 2039 927 2117 exemplis
953 2041 1207 2117 anticipationem
1231 2041 1399 2102 admittere

222 2168 283 2206 non
317 2167 449 2207 necesse
485 2154 543 2222 est,
580 2145 750 2206 verisimile
787 2155 891 2205 tamen
925 2146 1050 2206 videtur
1087 2155 1117 2206 ct
1152 2147 1334 2226 Sophoclem
1368 2151 1400 2206 in

222 2254 386 2314 scribendo
415 2261 447 2312 et
474 2254 619 2331 populum
643 2255 675 2311 in
700 2253 854 2312 audiendo
879 2253 1050 2330 genitivum
1074 2275 1143 2312 cum
1166 2259 1286 2332 regenti
1310 2276 1399 2315 voca-

222 2363 292 2420 bulo
326 2361 376 2420 vel
410 2382 478 2419 cum
501 2368 632 2435 utroque
658 2361 750 2418 simul
771 2357 912 2437 junctum
937 2361 1082 2419 sensisse.
1129 2361 1213 2420 Huic
1236 2364 1400 2421 sententiae

221 2470 291 2545 ipsa
325 2488 434 2528 vocum
469 2468 582 2527 locatio
619 2473 701 2526 certe
736 2469 768 2525 in
802 2469 950 2545 proximis
986 2467 1106 2526 duobus
1135 2470 1284 2547 exemplis
1310 2490 1399 2546 argu-

190 2623 192 2629 .
221 2582 323 2634 mento
348 2579 418 2640 est„

311 2678 350 2743 ιλ.
396 2681 435 2739 Ια
466 2683 727 2758 participialibus
763 2679 932 2739 structuris
968 2680 1077 2738 similis
1111 2683 1293 2759 anticipatio
1326 2703 1400 2741 non-

223 2809 388 2863 numquam
424 2788 479 2847 sed
513 2790 613 2847 rarius
639 2790 800 2865 reperitur.
849 2788 901 2845 lta
924 2793 1084 2845 structura
1107 2786 1200 2846 facile
1226 2788 1401 2865 explicatur

222 2896 271 2954 El.
296 2897 339 2954 47
364 2895 490 2974 ἄγγελλε
508 2895 537 2955 d’
549 2897 645 2979 ὅρκῳ
662 2895 848 2974 προστιθείς,
865 2896 919 2952 ubi
935 2894 1022 2953 nulla
1040 2894 1231 2954 correctione
1249 2915 1325 2971 opus
1342 2901 1399 2955 cst.

224 3002 323 3060 Aliud
355 3003 528 3080 exemplum
551 3002 668 3079 legitur
692 3003 767 3060 Ant.
794 3004 834 3060 23
860 3022 901 3065 ss,
923 3000 1082 3065 Ἐτεοκλέα
1106 3002 1173 3080 μέν,
1198 3001 1244 3070 ὡς
1267 3001 1398 3081 λέγουσι,

225 3111 290 3171 σὺν
324 3107 404 3191 δίκῃ
441 3108 592 3189 χρησίλείς
627 3106 747 3190 δικαίᾳ
781 3110 842 3170 καὶ
876 3111 975 3190 νόμῳ
1011 3107 1088 3169 κατὰ
1124 3108 1243 3188 χθονὸς
1271 3110 1400 3188 ἔκρυψε,

223 3237 410 3292 quamquam
444 3216 494 3274 hic
530 3215 614 3274 locus
647 3215 752 3273 multis
786 3216 823 3274 de
857 3217 960 3273 causis
985 3223 1145 3292 corruptus
1169 3216 1294 3274 videtur
1319 3236 1400 3275 esse.

221 3322 371 3382 :Ceterum
407 3325 434 3381 si
470 3322 610 3381 codicum
649 3325 805 3399 scriptura
840 3323 1004 3396 retinetur,
1044 3320 1181 3381 fortasse
1216 3323 1326 3381 melius
1362 3324 1402 3381 ad

220 3430 375 3510 «χρησιλείς
397 3429 585 3506 intelligitur
609 3430 703 3509 αἰνῷ.
746 3427 861 3486 Confer
878 3427 1004 3504 Campi).
1024 3427 1272 3505 Comparandum
1287 3437 1334 3489 est
1350 3431 1399 3488 Ai.

225 3538 289 3595 253
314 3556 338 3594 s
363 3536 550 3616 πεφόβημαι
565 3532 796 3597 λιθόλευστον
810 3529 897 3617 Ἄρη
916 3534 1074 3613 ξαναλχεῖν
1089 3533 1166 3614 μετὰ
1183 3534 1273 3597 τοῦδε
1288 3536 1401 3605 τυπείς,

224 3644 279 3701 ubi
304 3642 325 3699 J
329 3644 387 3701 ebb
411 3647 501 3719 putat
518 3641 595 3720 Ἄρη
622 3643 833 3700 accusativum
858 3640 972 3716 objecti
997 3660 1065 3699 esse
1084 3640 1122 3699 ad
1139 3643 1265 3698 verbum
1282 3640 1403 3698 finitum

225 3749 420 3830 σεῳόβνχιιαι,
446 3755 611 3823 cognatum
636 3768 700 3807 acc.
727 3747 766 3806 ad
790 3747 978 3805 infinitivum
1002 3747 1171 3826 ξιιιιαλχεῖν,
1189 3749 1402 3806 accusativum

225 3858 341 3915 interni
366 3855 478 3932 objecti
503 3855 543 3914 ad
567 3864 646 3932 part.
671 3855 780 3922 τυπείς.

317 4048 337 4113 ¹)
368 4050 450 4108 Quod
469 4048 569 4098 Nauck
589 4049 674 4101 (Krit.
694 4049 779 4103 Auli.»
801 4048 836 4096 ad
857 4048 1024 4096 adverbium
1043 4054 1128 4106 κυρίως
1145 4049 1227 4096 dicit:
1250 4050 1350 4105 “nuptos
1365 4049 1403 4094 ist

225 4138 490 4188 unverstumlliolr.
510 4141 559 4186 vix
579 4138 696 4199 dignum
711 4148 763 4185 ost.
778 4137 854 4200 quod
867 4135 1026 4186 refellatur.
1056 4137 1129 4185 Nam
1143 4152 1205 4199 quau
1221 4147 1264 4183 est
1279 4137 1402 4183 inaximo

226 4231 343 4293 propria
362 4228 446 4290 hujus
468 4228 597 4276 adverbii
617 4228 696 4274 notio
717 4228 773 4273 nisi
795 4228 823 4273 in
843 4226 951 4273 domiui
971 4226 1094 4274 modum.
1135 4226 1195 4284 Quo
1216 4225 1299 4272 modo
1318 4240 1403 4272 verus

227 4317 359 4366 dominus
389 4332 470 4365 suam
499 4333 559 4364 roni
588 4331 706 4378 poscere
737 4313 818 4375 solet,
848 4316 889 4362 ita
918 4313 1132 4377 Neoptolemus.
1161 4324 1193 4360 ut
1212 4313 1303 4378 finxit.
1324 4329 1404 4362 arma

225 4408 318 4469 patris
338 4405 490 4469 flagitavit.
