3210 4912
367 282 408 338 20

410 460 432 501 ι.
479 440 582 498 Etiam
617 442 650 498 in
679 441 739 498 alia
767 447 926 499 structura
948 441 1149 518 proleptioam
1174 443 1440 517 assimilationem,
1466 445 1494 502 si

320 547 378 605 hoo
413 550 534 606 nomine
564 549 610 606 uti
638 547 721 624 licet,
750 548 867 607 inferre
892 549 993 625 velim,
1019 548 1088 607 dico
1113 555 1218 630 σχῆμα
1241 548 1318 610 καθ’
1344 549 1418 609 ὅλον
1441 550 1493 610 καὶ

317 655 423 732 μέρος,
458 655 490 710 in
523 674 581 728 quo
605 673 737 731 persona
762 660 793 712 et
816 674 890 731 pars
914 655 947 712 in
972 654 1077 713 eodem
1102 675 1175 713 casu
1198 662 1363 732 ponuntur.
1413 655 1493 725 Quid

319 761 399 818 enim
434 759 487 817 fit?
535 759 768 818 Substantivum
797 781 882 838 vem,
912 761 994 836 quod
1019 760 1108 820 alteri
1132 763 1327 822 substantivo
1351 762 1384 820 in
1407 766 1493 840 geni-

318 868 382 925 tivo
418 867 647 926 attribuendum
683 873 761 942 erat,
792 868 830 925 ab
859 867 916 925 hoo
941 873 1105 945 separatur
1128 875 1158 926 et
1183 870 1374 927 adverbum
1399 890 1492 928 enun-

318 975 389 1032 tiati
423 975 585 1050 trajicitur
615 981 708 1049 atque
737 975 948 1049 assimilatur,
974 976 993 1033 i.
1020 994 1045 1032 e.
1071 974 1202 1033 formam
1224 977 1343 1053 recipit,
1370 997 1437 1050 quae
1462 978 1492 1034 in

317 1101 397 1139 nova
421 1081 636 1157 conjunctione
662 1081 761 1156 aptior
784 1086 840 1154 est,
865 1082 912 1138 ita
935 1086 970 1139 ut
993 1101 1048 1158 pro
1074 1101 1107 1140 se
1131 1087 1294 1157 utrumque
1315 1084 1383 1159 ipso
1401 1084 1492 1141 verbo

317 1193 453 1262 regatur.
489 1188 579 1246 Hanc
602 1186 749 1262 loquendi
774 1189 924 1245 rationein
953 1185 1203 1267 Wilamowitz¹l
1229 1209 1297 1248 esse
1322 1189 1399 1247 dicit
1426 1191 1491 1247 “ein

318 1292 451 1352 ausfluss
487 1294 543 1353 der
578 1294 782 1371 energischen
818 1293 875 1352 auf
895 1294 946 1352 die
973 1295 1168 1372 hauptsache
1193 1295 1412 1372 losgehenden‚
1442 1296 1492 1352 die

317 1400 455 1477 logische
490 1401 645 1478 hypotaxe
681 1401 964 1459 verschmahendon
1000 1403 1095 1460 weise
1131 1402 1185 1459 der
1220 1402 1302 1460 alten
1327 1403 1488 1479 spraohe.“

316 1507 466 1584 Exempla
495 1513 568 1567 sunt
597 1508 677 1566 liaeo:
704 1508 751 1567 El.
781 1510 842 1567 147
866 1509 928 1591 ἐμὲ
951 1509 971 1568 ἄ
994 1508 1080 1587 ἄρνις
1103 1510 1220 1589 ἄραρεν
1243 1511 1368 1589 φρένας.
1416 1510 1489 1567 Ant.

318 1618 380 1673 319
411 1615 428 1675 ὁ
458 1615 544 1695 ὁρῶν
573 1610 602 1676 σ’
635 1615 705 1694 ἄνιᾷ
731 1613 785 1681 τὰς
813 1616 939 1694 φρένας,
967 1613 1002 1674 τᾶ
1032 1615 1061 1675 d’
1092 1613 1146 1676 ὥτ’
1177 1616 1248 1695 ἐγώ.
1297 1616 1332 1675 0.
1358 1616 1396 1673 R.
1429 1618 1491 1674 718

316 1724 371 1783 νὶν
405 1722 512 1801 ἄρθρα
547 1727 646 1788 κεῖνος
680 1721 825 1791 ἐνζεύξας
858 1721 974 1783 ποδοῖν.
1021 1722 1100 1781 Phil.
1131 1724 1194 1780 823
1224 1722 1322 1803 ἱὸριύς
1350 1744 1405 1784 νιν
1428 1727 1491 1782 πᾶν

315 1829 496 1899 καταστάζει
521 1828 625 1908 δέμας.
662 1828 740 1886 Phil.
770 1829 851 1886 1301
877 1829 975 1907 pedu
990 1849 1044 1911 με,
1061 1828 1142 1908 πρὸς
1158 1830 1254 1899 θεῶν,
1271 1835 1366 1909 χεῖρα.
1404 1830 1439 1888 Θ.
1456 1830 1488 1887 (1.

316 1937 381 1995 314
415 1941 496 2015 κυνῆ
529 1934 687 2013 πρόσωπα
726 1934 867 2001 ιλεσοαλίς
902 1955 957 1995 νιν
992 1934 1130 2014 ἄιιντέχει.
1178 1935 1301 2012 Fragm.
1333 1938 1391 1993 173
1405 1958 1422 1993 a
1447 1936 1491 2012 (in

316 2042 531 2118 supplemento
565 2041 712 2115 Nauckii)
742 2040 797 2119 τὴν
825 2041 894 2118 pud
917 2037 953 2123 μ’
981 2041 1076 2108 εὐθὺς
1099 2041 1235 2121 φηλαφᾷ
1261 2044 1311 2120 (ex
1336 2045 1491 2118 scriptura

282 2137 284 2140 ‚
316 2148 433 2207 codicis
468 2147 523 2228 τὴν
557 2153 645 2226 ρῖναν
674 2144 771 2214 stulu
794 2146 952 2226 φιλαφᾶι).
1002 2147 1124 2223 Fragm.
1151 2149 1215 2204 304
1239 2148 1338 2208 τιιστοί
1357 2169 1400 2228 με
1424 2172 1488 2207 κιο-

314 2255 456 2335 χεύοιισιν
480 2255 512 2315 έν
536 2261 620 2333 φορᾷ
645 2242 750 2333 δέμας.
787 2253 837 2311 Tr.
864 2255 926 2311 831
953 2274 976 2311 s
996 2254 1024 2313 εἰ
1037 2254 1096 2332 γάρ
1113 2273 1182 2334 σφε
1198 2251 1379 2332 Κενταύρου
1397 2255 1488 2333 φονέα

272 2399 273 2403 1
314 2361 428 2440 νεφέλᾳ
451 2361 527 2440 χρίει
552 2359 712 2426 ὃολοτιοιὸς
735 2359 856 2438 ἄνᾶγκα
880 2358 1007 2438 πλευρά.
1045 2357 1120 2418 Cum
1143 2360 1255 2417 Bothio
1282 2361 1375 2438 (teste
1394 2360 1489 2418 Tour-

314 2468 412 2545 niero)
438 2467 556 2546 τιλενρᾶ
582 2467 621 2524 ad
645 2485 778 2541 sequens
802 2467 1000 2543 participium
1016 2467 1242 2546 προστακέντος
1257 2464 1372 2525 referre
1389 2488 1489 2542 neque

314 2575 387 2631 mihi
416 2573 520 2650 placet
548 2592 649 2648 nequo
677 2573 760 2632 licet.
810 2573 860 2636 Tr.
888 2575 950 2632 225
977 2594 1001 2633 S.
1027 2573 1101 2635 ούὸέ
1122 2569 1153 2655 μ’
1181 2573 1322 2653 ὄμματος
1346 2573 1489 2654 φρονρᾶν

313 2680 458 2761 παρῆλθε
492 2680 580 2741 τύνὸε
611 2680 656 2760 μὴ
685 2679 821 2741 λεύσσειν
845 2680 960 2751 στύλον,
984 2683 1012 2739 si
1036 2701 1104 2738 oum
1127 2681 1307 2758 Musgravio
1334 2679 1488 2761 (Nauckio

315 2787 409 2865 teste)
436 2794 468 2846 ot
491 2787 632 2846 omnibus
657 2787 750 2846 credo
774 2791 846 2864 post
871 2807 940 2846 euin
965 2787 1138 2851 editoribus
1155 2790 1305 2867 φρουράν
1320 2808 1376 2864 pro
1392 2790 1485 2864 scrip-

314 2901 384 2952 tura
420 2894 536 2953 codicis
572 2895 618 2952 La
646 2896 775 2973 φρουρά
798 2893 961 2969 legendum
985 2901 1043 2953 est.
1092 2894 1283 2968 Quamquam
1306 2895 1358 2952 vix
1383 2896 1488 2953 absur-

305 3000 385 3059 »dum
421 3006 468 3059 est
503 3000 620 3060 dicere:
657 3021 758 3076 neque
794 3002 937 3061 custodia
974 3002 1130 3059 oculorum
1163 3019 1209 3058 ine
1239 3003 1392 3078 praeteriit
1416 3003 1436 3060 i.
1461 3022 1485 3063 e.

312 3108 438 3182 reliquit
463 3108 513 3167 vel
537 3107 690 3166 destituit.
728 3107 790 3167 Sed
814 3108 846 3167 in
869 3088 934 3167 hac¹
950 3128 983 3166 re
1000 3128 1061 3165 non
1077 3109 1267 3184 pertinacior
1283 3127 1359 3166 sum.
1398 3108 1433 3166 Ο.
1453 3107 1485 3165 Ο.

316 3215 377 3272 113
414 3215 451 3275 σύ
485 3209 515 3297 μ’
548 3215 581 3285 έξ
608 3214 685 3277 ὁδοῦ
713 3216 797 3276 aiddu
826 3215 951 3295 κρύφον
974 3216 1042 3276 κατ’
1069 3214 1168 3281 ἄλσος.
1214 3215 1360 3289 Plerique
1386 3213 1487 3272 critici

312 3323 501 3380 recentiores
538 3321 646 3398 (ctiam
681 3321 776 3401 Jebb)
806 3323 888 3382 huno
915 3329 1038 3382 versum
1062 3322 1166 3380 multis
1189 3320 1486 3380 modis'emondant.

312 3429 423 3503 Neque
451 3435 553 3487 tamen
580 3429 656 3487 adeo
680 3430 759 3487 mira
783 3429 924 3486 codicum
948 3430 1103 3505 scriptura
1127 3432 1185 3487 est.
1233 3427 1402 3493 Hermann
1423 3447 1487 3485 rem

312 3542 396 3594 recte
420 3533 485 3594 iere
509 3536 599 3594 vidit.
634 3535 722 3593 Dicit
744 3535 825 3594 enim
842 3536 879 3596 σύ
895 3537 930 3615 μ’
949 3536 982 3606 ἐξ
999 3541 1054 3594 oet.
1073 3536 1155 3593 idem
1173 3554 1242 3593 esse
1260 3540 1351 3609 atque
1368 3534 1486 3612 ἄγουσα

311 3641 396 3703 aiddu
432 3640 509 3721 ἐμὸν
537 3642 571 3712 ἕξ
598 3641 683 3711 odae,
707 3642 833 3721 κρύφον
855 3666 895 3721 με
919 3643 986 3702 κατ’
1012 3641 1112 3710 ἄλσος.
1159 3642 1263 3717 Atque
1286 3660 1414 3700 necesse
1439 3648 1487 3699 est

311 3749 369 3806 hoo
393 3750 460 3807 loco
485 3750 622 3808 diaconali
642 3749 731 3807 notio
755 3750 847 3807 verbo
871 3748 997 3829 κρύφον
1020 3748 1153 3826 ίιαρΙοιςα
1177 3749 1228 3807 sit.
1276 3748 1384 3823 Neque
1406 3747 1486 3804 enini

313 3855 406 3914 aliter
430 3855 607 3914 adverbiale
632 3855 665 3925 ἐξ
688 3855 764 3917 ὁδοῦ
788 3855 922 3932 intelligi
945 3861 1078 3932 potest.⁴
1107 3837 1168 3914 s'ed
1193 3857 1219 3914 si
1245 3855 1378 3914 ducendi
1402 3857 1485 3912 notio

311 3963 429 4039 subest,
456 3961 531 4036 quid
556 3967 621 4019 tum
650 3959 846 4020 difficultatis
870 3982 921 4020 res
946 3962 1063 4020 habet?-
1105 3961 1218 4021 Confer
1242 3983 1310 4037 quae
1335 3962 1485 4020 Wilaino-

311 4071 383 4127 witz
409 4068 443 4148 (l.
463 4068 498 4146 l.)
524 4067 610 4144 dicit,
637 4069 664 4126 si
688 4073 780 4144 poeta
805 4067 882 4148 ἐμὸν
904 4068 989 4130 πόδα
1013 4062 1175 4146 posuisset,
1201 4068 1351 4127 neminem
1367 4069 1485 4145 impug-

403 4314 422 4378 ¹)
448 4315 860 4364 Wilamowitz-Moellendori'l'
888 4317 1041 4380 Euripides
1065 4312 1224 4364 Herakles²
1246 4316 1429 4364 Oonnnentar
1449 4316 1484 4364 ud

267 4452 275 4462 ,
310 4421 335 4454 v.
358 4406 415 4454 lua.
