3210 4912
1249 288 1288 344 13

156 446 286 522 jacturis
310 467 371 505 non
395 466 471 523 opus
496 451 552 505 est.
591 444 706 504 Confer
729 445 1001 505 Nauck-Schneid.
1027 446 1099 504 adn.
1116 446 1145 505 h.
1163 445 1183 504 l.
1202 446 1250 503 El.
1271 447 1336 504 160

160 554 234 625 ζώει
248 593 261 602 -
276 593 289 603 -
304 592 317 601 -
342 553 379 614 ὅν
413 558 453 633 γᾶ
484 575 560 613 ποτε
588 551 791 634 Μυκηναίων
817 552 944 623 δέξεται,
963 547 1137 634 Ὀρέσταν.
1184 551 1336 611 Conferre

103 721 117 747 ,Α
160 660 306 719 debemus
331 659 365 719 O.
390 661 417 719 Ι,
442 660 481 717 Α.
506 659 523 716 Ι
549 661 613 717 324
647 659 772 727 σανίδες
806 659 875 729 δύο,
909 660 952 727 εἰς
979 660 1017 727 ἃς
1044 657 1098 719 τὸν
1132 658 1227 738 λόγον
1256 659 1333 720 ἁνα-

160 766 336 848 γράφομεν,
360 766 508 846 δραχμῆς
531 766 698 845 ἑκατέραν
723 765 773 841 (Α.
797 767 861 824 409
880 787 906 824 5.
931 765 1001 823 Chr.
1019 765 1182 824 Meisterh.
1201 763 1334 836 (11515).

159 874 255 933 Plura
271 861 413 950 exempla
429 873 529 950 Krtig.
543 872 730 948 Poet.·Synt.
746 874 798 950 57,
815 875 864 948 10,
880 874 898 928 2
913 878 945 931 et
956 872 1032 932 Lob.
1046 868 1116 931 Ai.3
1127 891 1198 948 pag.
1214 873 1288 946 293,
1305 874 1332 929 1.

248 979 322 1038 Jam
345 999 439 1057 supra
464 979 495 1037 in
520 979 691 1037 enuntiatis
714 979 770 1037 rel.
795 977 863 1037 fieri
885 979 1031 1054 vidimus,
1057 984 1091 1036 ut
1114 978 1295 1042 vooabulum
1317 999 1335 1036 e

159 1088 306 1165 primario
343 1087 503 1145 enuntiato
538 1087 569 1143 in
604 1083 802 1161 subjunctum
826 1091 1091 1162 transponeretur.
1138 1084 1208 1142 Duo
1233 1090 1336 1143 autem

160 1195 324 1255 enuntiata
358 1194 404 1250 ita
437 1194 519 1251 inter
552 1211 583 1250 se
611 1193 728 1250 innecti
751 1212 812 1251 non
835 1191 977 1250 relativae
997 1191 1155 1268 juncturae
1178 1194 1336 1268 proprium

159 1307 206 1359 ost
229 1300 285 1358 sed
309 1300 405 1356 etiam·
428 1298 505 1358 alias
528 1319 589 1357 non
612 1318 682 1357 raro
706 1300 872 1358 invenitur.
917 1299 1018 1370 Quam
1042 1318 1107 1356 rem
1130 1298 1203 1356 inde
1228 1301 1338 1375 opinor

161 1414 258 1465 ortam
291 1425 371 1481 esse,
400 1405 483 1481 quod
507 1406 605 1463 ambae
630 1405 720 1462 simul
745 1407 953 1481 cogitationes
976 1407 1007 1462 in
1032 1405 1098 1481 ejus
1121 1406 1171 1479 qui
1197 1405 1337 1481 loquitur

161 1518 260 1573 mente
292 1513 453 1573 ,exsistunt
486 1531 523 1571 ae
557 1512 625 1587 pari
659 1512 701 1586 vi,
734 1511 816 1568 unde
839 1509 885 1586 fit,
910 1517 945 1568 ut
969 1511 1007 1569 de
1031 1513 1129 1588 primo
1153 1511 1221 1570 1555
1246 1516 1335 1586 quasi

160 1619 318 1680 luctentur
351 1619 433 1676 iuter
466 1636 510 1675 55.
558 1616 648 1687 Quod
683 1623 718 1674 ut
744 1618 844 1691 magis
868 1617 1065 1694 perspicuum
1090 1617 1142 1694 sit,
1167 1638 1205 1676 ex
1228 1619 1336 1676 multis

159 1744 261 1801 panea
284 1724 424 1802 exempla
447 1722 619 1800 proferam:
645 1723 681 1782 Ο.
707 1723 747 1782 R.
776 1724 858 1781 1251
884 1722 975 1791 ὅπως
985 1723 1049 1803 ,μὲν
1066 1725 1101 1785 ἐκ
1117 1725 1214 1786 τῶνδ’
1233 1725 1335 1786 οὐκέτ’

162 1828 221 1891 οἶδ’
256 1829 433 1899 ἀπόλλυται.
481 1830 517 1892 Ο.
548 1828 582 1889 Ο.
612 1831 677 1888 874
701 1849 725 1887 5.
750 1829 819 1899 ἄξω
848 1829 901 1909 βίᾳ
930 1830 980 1890 κεί
1004 1830 1126 1910 μοῦνός
1154 1832 1215 1912 εἰμι
1243 1831 1336 1893 τόνδε

161 1936 214 1997 καὶ
236 1935 347 2016 χρόνῳ
369 1936 501 2018 βραδύς.
547 1934 583 1994 O.
609 1935 648 1994 R.
676 1937 740 1994 644
763 1955 787 1994 5.
812 1935 858 2015 μή
883 1958 940 1996 νυν
958 1936 1108 2018 ὀναίμην,
1128 1936 1195 1998 ἀλλ’
1214 1937 1336 2017 ἀραῖος,
1417 1936 1422 1945 ”

160 2043 192 2104 εἴ
209 2043 244 2104 σε’
266 2066 293 2104 τι
317 2042 455 2122 δέδρανί,
484 2039 702 2122 δλοίμην,.ὧν
731 2042 851 2121 ἐπαιτιᾷ
873 2065 914 2122 με
939 2042 1027 2122 δρᾶν.
1071 2044 1170 2102 'Plura
1195 2045 1337 2122 exempla

159 2151 256 2209 habes
290 2149 417 2228 Campb.
453 2149 584 2225 Sophoo.
618 2149 690 2208 Ess.
721 2169 759 2208 on
794 2150 847 2207 the
870 2150 968 2225 Lang.
993 2170 1064 2227 pag.
1093 2152 1130 2209 77
1157 2171 1181 2210 5.
1230 2151 1334 2210 Ε515111

159 2258 191 2314 15
215 2257 322 2316 latinis
346 2256 447 2315 literis
470 2255 622 2333 ejusmodi
646 2256 786 2333 exempla
810 2262 883 2316 sunt
899 2258 980 2315 51555
996 2257 1072 2317 Hor.
1091 2258 1155 2316 Sat.
1173 2258 1190 2315 I
1208 2260 1237 2333 5,
1255 2260 1333 2317 715.

164 2364 403 2441 “Beneventum
427 2364 480 2421 ubi
504 2362 634 2422 sedulus
658 2363 772 2441 hospes
796 2364 889 2423 Paene
908 2383 1028 2423 macros
1044 2367 1123 2435 arsit
1138 2364 1210 2422 dum
1226 2366 1337 2424 turdos

159 2477 264 2531 versat
286 2469 319 2528 in
341 2471 442 2546 igne“,
467 2471 521 2528 ubi
546 2470 636 2530 Gust.
661 2470 786 2548 Kri'rger
810 2473 842 2529 in
866 2471 1002 2533 editione
1026 2477 1185 2549 comparat
1208 2471 1273 2530 Sat.
1299 2472 1336 2528 Π

130 2582 133 2589 ’
163 2580 190 2652 1,
216 2579 271 2653 603
298 2579 328 2652 3,
356 2579 417 2636 133
443 2583 475 2635 et
499 2578 572 2638 211.
620 2576 680 2634 His
706 2576 847 2635 omnibus
872 2576 1018 2654 exemplis
1041 2577 1074 2634 id
1099 2568 1257 2635 commune
1277 2584 1334 2650 est,

160 2684 243 2758 quod
278 2683 333 2743 illa
367 2685 532 2742 innexione
568 2682 740 2759 conjunctio
776 2685 952 2759 syntectica
974 2684 1192 2742 vocabulorum
1216 2689 1338 2741 mutata

159 2810 220 2852 non
254 2795 311 2865 est,
344 2810 452 2864 qnare,
470 2789 573 2849 deiis
596 2810 658 2849 non
681 2810 782 2848 meum
806 2796 855 2849 est
880 2809 982 2866 agere.
1009 2786 1093 2848 ‘Sed
1117 2790 1154 2848 ob
1177 2809 1245 2847 eam
1268 2809 1335 2847 rem

160 2897 301 2973 exempla
325 2896 427 2971 attuli,
452 2916 490 2954 ne
514 2896 589 2970 quid
612 2896 771 2969 singulare
796 2915 864 2955 esse
885 2902 1049 2973 appareret
1066 2896 1099 2955 id
1115 2915 1214 2973 genus
1231 2901 1335 2954 trans-

160 3002 333 3081 positionis,
359 3003 398 3061 de
421 3023 481 3076 quo
502 3001 566 3078 jam
589 3002 752 3062 disseram.

249 3108 278 3184 ζ.
325 3111 482 3185 Prolopsis
506 3129 531 3169 5.
556 3111 741 3186 anticipatio
778 3111 911 3186 subjecti
948 3119 1001 3169 aut
1036 3111 1116 3169 alius
1143 3109 1243 3187 pertis
1267 3130 1336 3168 5511-

161 3217 267 3276 tentiae
301 3216 332 3274 in
365 3218 405 3274 iis
438 3218 617 3291 enuntiatis,
647 3236 716 3291 quae
741 3216 852 3292 objecti
875 3217 925 3276 vel
949 3216 1079 3292 subjecti
1103 3217 1170 3276 loco
1189 3222 1277 3292 sunt,
1303 3218 1333 3274 in

161 3343 265 3400 graeoa
296 3323 402 3400 lingua
430 3325 636 3382 usitatissima
660 3329 717 3382 est.
765 3323 817 3382 Sic
842 3331 964 3381 eentum
988 3325 1129 3382 versibus
1152 3318 1232 3383 Phil.
1258 3325 1332 3396 444,

161 3432 236 3504 493,
262 3432 335 3505 534,
361 3432 436 3504 544,
462 3432 535 3488 549.
583 3431 688 3488 Etiam
711 3432 742 3487 in
766 3430 864 3488 155155
886 3430 993 3506 lingua
1017 3429 1174 3489 invenitur
1200 3431 1336 3508 (Ziemer

160 3556 231 3614 pag.
260 3538 312 3613 73)
337 3542 369 3595 et
396 3539 428 3594 in
456 3537 637 3611 quotidiano
662 3557 800 3595 sermone
823 3544 928 3598 nostro
953 3536 1036 3596 haud
1060 3556 1130 3597 raro
1154 3542 1334 3612 usurpatur.

160 3644 316 3703 Aeourate
340 3643 379 3701 de
403 3643 461 3701 hac
483 3663 516 3702 re
541 3646 644 3717 agitur
660 3644 762 3719 Kriig.
781 3643 868 3720 Synt.
884 3646 935 3720 61,
951 3646 979 3721 6,
997 3642 1050 3700 ubi
1068 3644 1176 3717 utique
1194 3643 1335 3718 exempla

160 3751 257 3809 multe
292 3757 324 3809 et
359 3750 472 3807 eximia
504 3757 586 3809 suut.
613 3786 654 3792 —
679 3749 712 3809 Si
740 3749 816 3825 quid
839 3752 881 3808 515
904 3751 969 3810 haec
993 3750 1148 3827 prolepsis
1172 3750 1333 3824 quaeritur,

161 3877 229 3916 eam
254 3858 387 3934 speciem
411 3875 480 3915 esse
504 3855 590 3914 illius
616 3857 654 3914 de
679 3877 740 3931 qua
764 3858 901 3933 proxime
915 3841 988 3914 'dixi
1009 3858 1236 3916 enuntiatorum
1252 3857 1337 3913 inter

162 3983 196 4023 se
220 3963 441 4040 implicationis
456 3963 549 4020 ’111155
572 3961 722 4022 videmus.
770 3962 877 4037 Neque
902 3965 929 4022 si
953 3984 990 4023 55
1013 3965 1147 4038 quaestio
1172 3970 1229 4037 est,
1260 3961 1334 4036 quid

161 4072 194 4130 in
216 4069 349 4129 hominis
373 4070 528 4143 loquentis
545 4077 645 4127 mente
661 4069 726 4144 fiat,
744 4073 942 4145 quamobrem
957 4070 1131 4146 hujusmodi
1148 4069 1336 4145 trajectione

161 4181 276 4246 utaturq
301 4177 358 4235 hoo
384 4177 423 4234 ad
447 4176 679 4252 intelligendum
703 4175 830 4235 difficile
855 4179 924 4237 erit.
971 4179 1050 4236 Nam
1075 4197 1143 4235 cum
1166 4178 1197 4234 in
1223 4195 1258 4233 eo
1275 4182 1333 4249 est,

162 4289 197 4348 ut
218 4284 395 4361 primariam
421 4285 606 4342 sententiam
630 4283 793 4356 eloquatur
818 4290 872 4341 aut
890 4283 1069 4343 elocuturus
1086 4285 1138 4358 sit,
1153 4281 1216 4358 jam
1232 4281 1337 4357 objec-
1449 4282 1451 4286 ⁴

162 4398 226 4450 tum
249 4389 270 4450 i.
296 4408 322 4448 5.
348 4395 416 4448 tota
446 4390 611 4466 subjuncta
634 4391 790 4448 sententie
815 4392 913 4448 animo
938 4391 1005 4465 ejus
1031 4392 1224 4458 obversatur,
1249 4389 1337 4446 notio
