3210 4912
1302 255 1343 311 66

212 414 325 467 natura
359 407 436 467 vult.
484 406 576 466 Oerte
612 396 641 466 si
675 407 798 466 locutus
834 413 919 467 esset
953 407 1022 467 sine
1057 409 1259 470 meditatione
1286 418 1388 492 poeta,

212 535 275 573 non
298 515 487 591 scripsisset,
515 512 663 572 facillime
697 513 763 573 fieri
791 518 910 592 potuit,
927 521 962 573 ut
989 515 1096 574 eodem
1119 517 1209 576 modo
1234 517 1390 577 sententia

212 623 368 682 ederetur.

364 921 429 986 IX.
477 925 527 984 De
555 927 662 985 variis
686 927 808 986 lormls
832 929 1097 989 assimilationis
1122 929 1236 989 realis.

257 1123 290 1165 α.
337 1101 499 1160 Interdum
521 1122 690 1179 pronomen
713 1105 758 1161 ita
780 1104 916 1182 ponitur,
933 1110 968 1163 ut
985 1103 1024 1162 ad
1041 1106 1283 1180 substantivum,
1301 1106 1389 1184 cujus

212 1209 298 1269 notio
322 1211 354 1268 in
379 1209 576 1269 antecedenti
602 1209 757 1286 adjectivo
774 1210 917 1289 inhaeret,
935 1210 1135 1270 referendum
1151 1215 1202 1272 sit.
1239 1213 1390 1293 Exempla

213 1318 318 1377 inveni
343 1316 423 1375 haec:
461 1316 511 1374 Tr.
538 1317 609 1374 260
623 1315 759 1376 πόλιν
730 1340 787 1397 την
802 1295 1017 1400 Ευρυτείαν
1030 1316 1131 1381 τόνδε
1149 1317 1388 1400 (Eiipvrov)--

215 1423 264 1485 ΕΙ
288 1425 349 1483 961
376 1444 419 1482 ss
444 1423 573 1503 πάρεστι
597 1421 807 1503 ‹idipso--
823 1421 1002 1507 -ἄλεκτρα
1018 1422 1244 1506 γηράσκουσαν
1261 1428 1388 1508 ἀνυμέ-

215 1532 296 1592 ναιά
317 1553 357 1590 τε.
393 1529 446 1590 καὶ
468 1526 580 1593 τῶνδε
605 1530 638 1609 (1.
656 1549 683 1587 e
701 1529 843 1609 λέκτρων
866 1529 919 1592 καὶ
943 1530 1118 1612 ὑμεναίων)
1142 1533 1250 1613 μέντοι
1273 1533 1386 1615 μηκέτ

214 1636 339 1718 ἐλπίσῃς
367 1637 457 1705 ὅπως
481 1636 580 1707 τεύξει
603 1637 683 1696 κοτ’.
731 1636 808 1695 Cum
831 1638 888 1696 hoc
913 1637 979 1696 loco
1004 1636 1107 1697 Wolff
1128 1645 1287 1715 comparat
1311 1639 1387 1697 Eur.

213 1744 290 1803 Hec.
315 1745 379 1802 416
405 1745 577 1826 ἄνυμῳσς,
601 1745 821 1825 ἀνυμέναιος,
846 1737 898 1807 ὧν
918 1745 949 1824 μ’
972 1745 1069 1826 ἐχρῆν
1085 1750 1196 1826 τυχεῖν.
1233 1746 1282 1805 El.
1304 1748 1384 1805 1171

213 1871 256 1910 ss,
279 1847 418 1933 θνητοῦ
441 1851 589 1930 πέφυκας
611 1849 739 1928 πατρός,
759 1847 924 1930 Ἠλέκτρα,
948 1851 1060 1931 φρόνει
1074 1870 1080 1881 ·
1093 1848 1228 1934 θνητὸς
1252 1852 1281 1914 δ’
1301 1851 1387 1931 Ὀρέ-
1430 1921 1433 1926 ,

213 1976 306 2038 στης
320 1957 401 2019 ὥστε
424 1956 469 2038 μὴ
494 1956 562 2018 λίαν
555 1958 679 2019 στένε
714 1962 809 2019 πᾶσιν
833 1957 894 2037 γὰρ
917 1959 992 2039 ἡμῖν
1015 1954 1107 2021 τοῦτ’
1129 1958 1163 2038 (1.
1182 1979 1209 2019 e.
1226 1982 1261 2020 το
1250 1958 1388 2021 θανεῖν

215 2085 238 2123 s
264 2064 458 2170 riddvoroc)
484 2063 638 2162 ὀφείλεται
662 2064 786 2125 παθεῖν
820 2064 856 2124 Ο.
883 2064 916 2124 O.
943 2066 1056 2124 isos
1081 2071 1136 2146 τῆς
1159 2067 1245 2150 ἐμῆς
1268 2066 1387 2128 ἐπεισό-

216 2169 283 2241 δου,
308 2170 417 2251 δνγ
371 2194 435 2251 ppt
419 2169 588 2233 τόκνεῖτε
611 2171 742 2253 μήτ’--
757 2170 862 2230 ..El
890 2172 953 2230 296
978 2170 1016 2232 οὗ
1041 2172 1105 2234 σὸν
1132 2171 1234 2233 τόόΗ
1218 2172 1279 2234 εστῖ
1294 2173 1387 2253 τοῦρ-

215 2300 281 2357 γον,
313 2279 418 2360 ἥτις·
437 2317 450 2326 -
468 2316 490 2337 -.
538 2276 653 2336 Confer
680 2276 791 2355 fragm
818 2279 881 2337 376
907 2276 1070 2362 ἅμσχθος
1094 2278 1154 2359 γὰρ
1179 2279 1301 2348 οὐδείς
1315 2279 1386 2341 ὁὸ

215 2384 315 2464 ἥκιστ’
342 2384 457 2464 (intell.
486 2389 557 2448 τῶν
583 2381 749 2467 μόχθων)
781 2385 865 2464 ἔχων
887 2385 1097 2465 μακάρτατος.
1143 2386 1263 2445 Ziemer
1285 2406 1323 2445 ex
1346 2386 1389 2449 la-

215 2489 283 2549 tina
306 2490 414 2568 lingua
439 2489 531 2549 affert
556 2487 672 2550 ’seruili
696 2491 840 2565 tumultu,
866 2509 944 2564 ριιοε
961 2526 972 2534 -
988 2527 999 2535 -
1016 2491 1049 2549 -’.

301 2612 337 2699 β.
383 2616 452 2674 Non
487 2615 614 2673 multum
650 2615 795 2673 abhorret
830 2619 1000 2690 structura,
1036 2617 1089 2673 ubi
1112 2622 1195 2694 ¹post
1221 2636 1389 2693 pronomen

214 2720 423 2798 possessivum
446 2721 600 2801 appositio
624 2722 656 2777 in
679 2722 817 2796 genitivo
842 2722 978 2798 ponitur,
1000 2719 1087 2797 cujus
1105 2727 1271 2780 structurae
1289 2742 1388 2781 exem·

214 2827 267 2904 pla
291 2834 377 2886 sunt:
403 2827 440 2886 Ο.
459 2827 492 2886 C.
512 2829 576 2886 344
599 2829 689 2908 τάμὰ
712 2824 888 2909 δυστήνου
911 2827 1005 2891 κακά.
1045 2827 1095 2886 Ai.
1124 2829 1207 2887 1015
1233 2847 1257 2887 s.
1282 2829 1328 2896 ὡς
1351 2827 1387 2889 τὰ

215 2934 259 2995 od
293 2933 394 3014 κράτη
429 2930 601 3006 θανόντος
618 2972 630 2982 -
649 2972 662 2982 -
680 2933 814 3013 νέμοιγιι.
860 2934 942 2992 Jobb
972 2919 1093 2992 confert
1121 2933 1196 2992 Eur.
1221 2934 1298 2994 Hac.
1323 2936 1389 2994 430

213 3035 398 3120 θανούσης
421 3038 511 3118 ὄμμα
536 3038 707 3118 συγκλείσει
729 3038 765 3099 τὸ
789 3040 863 3101 σόν.

302 3185 333 3247 γ.
381 3163 454 3221 Alia
478 3164 599 3241 species
623 3165 753 3221 internae
779 3165 1005 3238 exaequationis
1027 3175 1085 3239 est,
1104 3166 1131 3223 si
1148 3165 1241 3222 tertia
1256 3183 1390 3242 persona

215 3271 403 3348 pronominis
438 3288 519 3346 pers,
557 3289 594 3329 ex
630 3269 828 3329 antecedenti
862 3269 1016 3329 infinitivo
1051 3272 1193 3346 sumitur,
1228 3270 1315 3347 cujus
1342 3271 1389 3329 rei

215 3377 356 3454 exempla
389 3378 493 3435 inveni
528 3375 609 3434 haec:
657 3376 706 3434 Ai.
747 3377 828 3434 1081
866 3375 947 3437 ὅπου
977 3375 1012 3467 δ’Ι
1032 3376 1171 3456 ὑβρίζειν
1195 3376 1276 3455 ὁρᾶν
1299 3378 1389 3449 uzu

213 3480 390 3567 βούλεται,
424 3488 520 3563 καρῇ,
549 3482 664 3562 ταύτην
688 3481 825 3561 νόμιζε-
845 3521 857 3530 -
876 3522 898 3541 -.
946 3482 982 3541 Ο.
1009 3483 1048 3540 R.
1075 3484 1135 3540 611
1164 3503 1187 3541 s.
1214 3482 1304 3563 φίλον
1329 3483 1389 3562 γὰρ

215 3587 332 3651 ἐσθλὸν
356 3588 499 3670 ἐκβαλεῖν
523 3589 590 3650 ἴσον
613 3588 696 3668 λέγω
720 3589 773 3677 καὶ
796 3587 850 3649 τὸν
874 3589 946 3667 παρ’
973 3588 1060 3668 αὑτῷ
1082 3589 1197 3669 βίοτον,
1223 3591 1259 3649 ὃν
1283 3588 1386 3650 κλεῖσ-

214 3719 267 3759 τον
295 3693 401 3778 φιλεῖ.
426 3696 462 3755 Ο.
488 3695 522 3754 O.
552 3697 635 3752 1224
659 3716 700 3754 sa.
724 3695 769 3777 μὴ
795 3700 889 3776 φῦναι
914 3694 968 3757 τὸν
991 3696 1112 3756 ἃπαντα
1136 3703 1207 3775 νικᾷ
1228 3694 1389 3774 λόγον’τὸ

216 3801 257 3872 d',
292 3801 356 3862 εἰτεῖ
390 3804 478 3884 φύῃ,
513 3802 606 3882 βῆναι
641 3801 746 3862 κεῖθεν
774 3801 851 3862 ὅθεν
879 3824 938 3880 περ
966 3803 1046 3884 ἥκει
1069 3799 1148 3863 πολὺ
1173 3800 1318 3881 δεύτερον
1341 3802 1390 3870 ὡς

214 3893 346 3988 τάχιοτα.
393 3908 458 3966 Nos
480 3909 660 3984 pronomine
685 3907 845 3966 indefinito
871 3909 961 3967 'man’
985 3911 1112 3966 utimur.

304 4029 333 4094 ὅ.
383 4032 582 4092 Constructio
619 4033 657 4091 ad
682 4034 808 4109 synesin
833 4041 890 4108 est,
915 4034 968 4091 ubi
991 4031 1116 4092 nomina
1140 4038 1231 4091 terrae
1256 4033 1306 4091 vel
1329 4032 1389 4091 loci

215 4145 246 4198 et
280 4139 488 4197 habitantium
522 4141 603 4198 inter
632 4160 666 4199 se
690 4146 905 4215 permutantur
929 4142 1011 4198 sicut
1034 4139 1114 4198 Phil.
1140 4141 1203 4198 466
1228 4160 1270 4198 ss.
1296 4141 1390 4202 ὅπου

216 4244 243 4306 δ’
283 4245 301 4306 ὁ
335 4246 451 4326 χείρων
484 4245 627 4327 τάγαθοῦ
661 4247 771 4327 μεῖζον
805 4246 909 4308 σθένει
931 4286 943 4295 -
966 4286 979 4295 -
1003 4285 1025 4318 -,
1053 4248 1199 4321 τούτους
1222 4245 1285 4324 ε’γὼ
1308 4247 1391 4318 τοὺς

216 4349 346 4435 ἄνδρας
380 4353 417 4413 οὗ
453 4353 571 4431 στέρξω
603 4354 685 4414 κοτέ.
732 4353 812 4410 Phil.
841 4354 924 4411 1363
950 4373 974 4412 s.
1002 4350 1132 4435 Τροίαν
1151 4384 1164 4398 ·
1183 4384 1196 4398 -
1216 4370 1273 4431 ···,
1298 4354 1339 4414 οἵ
1356 4353 1390 4431 γέ
