3210 4912
1146 199 1290 307 ἰτ

164 430 234 484 cum
257 410 383 469 notione
405 408 493 467 verbi
516 426 711 482 nequaquam
736 410 899 482 cognatum
924 409 980 464 est.
1018 404 1060 465 Et
1081 405 1233 465 translato
1250 424 1343 464 sensu

164 516 231 584 haec
266 515 382 574 locutio
411 513 578 588 invenitur,
603 511 687 587 quod
715 517 819 570 tamen
847 510 987 569 declarat
1011 514 1102 570 etiam
1127 515 1252 591 proprio
1276 533 1343 573 cam

163 622 274 699 fuisse,
300 625 384 680 certe
408 620 441 679 in
464 620 532 697 ejus
557 621 667 694 enimc,
692 619 745 692 qui
767 617 885 695 primus
909 616 954 675 sic
979 617 1065 678 dixit.
1111 618 1242 696 Legitur
1262 621 1343 678 enim
1375 642 1379 650 ·

164 707 215 790 Tr.
256 731 319 787 919
359 727 512 807 δακρύων
550 723 686 808 ῥήξασα
724 723 829 803 δερμά
869 721 1013 806 νάματα.
1094 724 1150 785 Ofr
1190 726 1241 784 Tr.
1257 804 1259 808 .
1278 714 1342 785 852

164 839 296 921 ἔρρωγε
323 836 420 919 napo
454 831 622 911 δακρύονν,·
657 831 737 890 Phil.
775 832 840 888 824
874 833 1104 915 παρέρρωγεν
1137 829 1256 915 φλέψ
1291 833 1341 890 Ai.

166 946 229 1005 775
264 940 360 1026 μάχη
396 939 551 1025 ἐκρήξεις
586 940 709 1016 Fragm.
747 940 812 997 520
839 935 970 1021 βροντὴ
995 936 1134 1023 ἐρράγη.
1183 940 1343 1001 Postremo

164 1052 197 1111 in
236 1048 344 1109 formis
384 1047 584 1109 intransitive
624 1047 783 1123 usurpatis
824 1065 861 1104 ex
901 1045 1065 1123 principali
1103 1048 1228 1106 notione
1266 1047 1343 1105 nihil

165 1176 326 1217 remanere
360 1155 485 1214 videtur
520 1156 578 1213 nisi
604 1154 748 1213 celeriter
772 1155 847 1213 oriri
871 1154 952 1212 sicut
977 1153 1012 1212 Ο.
1039 1154 1077 1212 R.
1106 1155 1192 1213 1280
1214 1153 1282 1215 τάδ’
1308 1154 1343 1214 ἐκ

166 1264 254 1326 δυοῖν
290 1264 444 1346 ἔρρωγεν
467 1258 569 1327 κακά.
619 1259 674 1319 cfr
698 1259 733 1318 Ο.
759 1261 798 1319 R.
827 1261 912 1319 1075
937 1281 962 1319 s.
1011 1260 1141 1320 Ceteras
1160 1261 1343 1331 locutiones

166 1391 245 1447 quas
279 1370 336 1429 hoc
363 1370 454 1428 modo
482 1369 684 1446 explicandas
708 1373 887 1445 aesopum,
912 1369 1048 1427 breviter
1071 1388 1258 1445 percurram.
1306 1368 1344 1427 Iu

165 1478 223 1537 hcc
246 1497 360 1554 genere
385 1483 457 1536 sunt
485 1477 582 1535 verba
605 1477 820 1548 humectandi,
843 1475 871 1533 si
894 1473 1026 1534 fundere
1050 1473 1238 1552 significant,
1263 1474 1345 1535 sicut

166 1584 216 1643 Ai.
255 1586 318 1665 376
354 1578 422 1665 αἷμ’
460 1580 596 1649 ἔδευσε.
646 1582 682 1642 Ο.
706 1582 745 1641 R.
774 1584 860 1643 1278
892 1582 990 1661 μέλας
1019 1579 1152 1666 ὄμβρος
1182 1583 1344 1666 mappam

167 1690 318 1751 Similiter
341 1690 392 1750 Tr.
418 1692 483 1748 848
506 1691 617 1772 τέγγει
641 1688 793 1768 δακρύων
818 1691 939 1772 ἄχναν.
966 1725 1006 1731 -
1031 1689 1155 1748 Deinde
1179 1676 1263 1748 Ant.
1282 1690 1345 1746 794

141 1812 144 1816 ’
167 1804 282 1871 νεῖκος
303 1793 461 1880 ταράξας.
498 1795 555 1855 cfr
578 1798 611 1855 in
634 1795 731 1855 latino
753 1815 910 1854 sermone:
929 1801 1061 1871 quantas
1076 1815 1128 1855 res
1144 1798 1245 1872 turbo,
1262 1795 1345 1871 quod

169 1902 250 1980 apud
285 1903 431 1961 Plautum
465 1903 548 1962 idem
583 1909 633 1960 est
658 1908 752 1976 atque
776 1903 910 1976 quantas
934 1903 1042 1961 turbas
1065 1901 1177 1962 efficio.
1203 1939 1242 1946 —-
1269 1903 1343 1961 Ant.

169 2011 234 2069 972
266 2007 459 2092 τυφλωθὲν
493 2005 607 2088 ἕλκος,
631 2029 815 2084 quamquam
835 2008 890 2067 'hic
913 2009 1000 2068 locus
1023 2009 1129 2069 multis
1152 2008 1358 2081 difficultati-¹

169 2119 226 2175 bus
262 2117 393 2194 laborat,
424 2118 624 2191 quamobrem
647 2116 705 2175 hoc
729 2117 902 2193 exemplum
924 2118 1077 2176 incertum
1100 2122 1158 2179 est.
1206 2117 1254 2174 El.
1283 2118 1345 2176 170

166 2224 196 2285 τί
217 2222 277 2303 γὰρ
302 2223 361 2284 οὐκ
385 2222 456 2303 ἐμοὶ
478 2222 598 2302 ἔρχεται
623 2222 765 2302 ἀγγελίας
785 2223 995 2303 ἀπατώμενον
1009 2246 1016 2282 :
1031 2220 1193 2307 ἀγγελίαν
1210 2224 1346 2286 ἀπατᾶν
1441 2246 1443 2250 “

174 2361 205 2379 =
223 2331 363 2389 nuntium
398 2328 541 2391 fallacem
578 2350 603 2389 s,
634 2328 793 2390 fallaciter
820 2332 950 2390 mittere.
981 2366 1022 2373 ——
1051 2331 1100 2390 El.
1128 2332 1191 2390 708
1215 2330 1346 2392 δέκατον

169 2438 256 2521 ὄχον
279 2432 468 2519 ἐκπληρῶν
482 2458 488 2496 :
504 2437 544 2500 ad
564 2455 724 2495 numerum
742 2437 930 2515 explendum
946 2438 1064 2499 addere
1080 2438 1178 2516 (velut
1195 2436 1284 2515 'fylla
1298 2437 1343 2516 1⁷).

170 2579 211 2586 —-
234 2543 317 2604 Phil.
345 2545 408 2602 128
432 2564 456 2602 s.
482 2543 664 2624 ναυκλήρου
688 2544 815 2623 τρόποις
837 2546 984 2628 μορφὴν
1000 2541 1168 2618 δολώσας.
1218 2543 1274 2603 Oa
1289 2545 1343 2604 lat.

168 2648 242 2719 falle
265 2649 388 2710 faciem.
415 2686 455 2692 —
482 2649 517 2709 0.
542 2651 581 2709 R.
609 2651 671 2711 523
687 2647 870 2723 τοῦνειδος
886 2650 966 2732 ὀργῇ
982 2648 1135 2733 βιασθέν
1151 2673 1156 2709 :
1173 2637 1344 2711 convicium

169 2756 216 2816 ira
240 2763 380 2817 coactum
404 2756 424 2816 i.
450 2775 476 2815 e.
502 2758 669 2816 excitatum
694 2777 718 2817 s.
745 2757 890 2819 elicitum.

258 2864 321 2923 Sed
344 2865 411 2921 haec
435 2864 597 2923 hactenus,
634 2864 681 2922 De
706 2884 766 2922 unc
783 2864 872 2923 modo
890 2865 1030 2942 exemplo
1049 2866 1227 2924 accuratius
1245 2886 1342 2943 agam.

169 2971 227 3031 Est
261 2973 342 3031 enim
370 2970 445 3030 Ant.
474 2973 554 3029 1011
582 2968 763 3054 καλυπτῆς
784 2969 946 3056 πιμελῆς,
968 2973 1052 3049 quod
1075 2974 1165 3032 verbi
1187 2979 1344 3032 construc-

170 3080 288 3145 tionem
321 3080 455 3153 requirit
488 3077 656 3140 καλύπτειν
690 3079 749 3140 τινί
781 3102 815 3139 τι,
862 3077 963 3138 Solita
987 3086 1092 3141 tamen
1115 3084 1271 3138 structura
1296 3085 1346 3140 est

169 3185 336 3252 καλύπτειν
368 3186 437 3247 τινά
468 3208 531 3246 τινι.
578 3185 641 3245 Sed
664 3187 692 3244 si
715 3185 782 3244 haec
805 3185 991 3264 principalis
1012 3184 1085 3261 fuit,
1111 3185 1259 3247 facillime
1284 3188 1345 3246 dici

169 3294 271 3368 potuit
295 3292 462 3355 καλύπτειν
486 3292 647 3373 κάλυμμα,
673 3298 705 3351 et
729 3293 756 3350 si
778 3292 932 3373 κάλυμμα
953 3295 1057 3370 specie
1074 3294 1212 3370 qualibet
1226 3294 1345 3374 καλύμ-

170 3422 270 3480 ματος
305 3401 563 3478 commutabatur,
597 3406 668 3458 orta
691 3407 764 3459 sunt
787 3420 834 3459 ex,
859 3420 904 3477 gr.
931 3406 989 3481 γῆν
1012 3401 1188 3471 καλύπτειν,
1211 3399 1345 3482 πιμελὴν

170 3505 345 3572 καλύπτειν.
382 3505 456 3568 Jam
481 3514 513 3566 ut
536 3508 667 3585 primum
692 3525 742 3568 rra
767 3506 800 3565 in
824 3509 1003 3567 accusativo
1026 3509 1130 3583 posita
1146 3515 1204 3582 est,
1221 3507 1345 3567 dativus

170 3633 308 3691 personae
332 3613 414 3673 ultra
440 3613 565 3677 exstitit
589 3613 628 3672 ad
652 3614 892 3673 similitudinem
913 3615 1088 3690 verborum,
1114 3634 1182 3689 quae
1207 3614 1344 3673 dativum

170 3740 311 3797 personae
348 3729 380 3779 et
415 3723 627 3782 accusativum
659 3722 707 3780 rei
729 3732 852 3798 regunt.
900 3721 941 3779 Et
965 3722 1011 3779 sic
1035 3720 1150 3780 dicitur
1174 3722 1257 3799 apud
1280 3698 1345 3780 Ha·

171 3848 290 3890 merum
312 3827 353 3887 Il.
378 3827 463 3887 XXI
487 3830 548 3888 321
575 3830 655 3891 ἄσιν
675 3828 883 3908 καδύπερδέν
898 3850 968 3890 τννι
982 3827 1156 3890 καλύπτειν.
1193 3827 1249 3886 Ofr
1263 3828 1345 3905 apud

171 3933 340 3995 Homerum
363 3935 511 4015 κρύπτειν
533 3936 591 3996 τινί
611 3914 640 3996 τι
663 3935 735 4013 (Οά.
761 3936 808 3995 IV
832 3935 911 4014 350)
935 3941 967 3994 et
991 3936 1073 4013 apud
1093 3935 1273 4013 Sophoclem
1290 3935 1345 4016 μοὶ

170 4040 245 4103 τάδε
279 4046 384 4122 τιμᾶτε
421 4041 486 4119 (Ai.
522 4043 610 4120 687),
645 4042 724 4123 χοὰς
758 4042 839 4122 τῷδε
874 4042 1017 4122 ε’πίοτεφε
1054 4042 1115 4118 (El.
1145 4045 1209 4101 440
1237 4043 1277 4121 s.)
1302 4078 1343 4085 ——

171 4147 295 4208 Rursus
319 4150 348 4207 si
371 4149 460 4207 ambo
485 4148 656 4208 accusativi
681 4154 713 4208 et
735 4169 875 4226 personae
900 4157 932 4208 et
947 4150 994 4207 rei
1009 4149 1102 4208 simul
1117 4151 1212 4226 positi
1228 4155 1343 4223 essent,

172 4261 238 4315 tum
273 4261 432 4314 structura
460 4254 547 4315 lieret
569 4254 735 4316 καλύπτειν
757 4256 825 4316 τινά
846 4280 881 4326 τι,
906 4276 973 4330 quae.
999 4256 1092 4315 solita
1116 4262 1274 4315 structrua
1297 4269 1345 4314 eat

172 4363 262 4421 verbi
295 4363 450 4440 κρύπτειν,
475 4363 556 4438 qnod
580 4361 611 4421 vi
637 4369 802 4437 cognatum
827 4368 885 4422 est.
912 4398 951 4405 —
977 4361 1049 4421 λεια
1074 4364 1156 4438 quod
1180 4363 1252 4422 mihi
1276 4383 1345 4441 pro-
