3210 4912
743 1142 874 1244 Cap.
905 1144 985 1227 ΙΙΙ.

473 1354 537 1424 De
562 1355 874 1424 assimilatione
899 1357 1256 1436 compromissali.

368 1517 636 1597 Compromissalis
653 1515 677 1597 ¹)
705 1519 887 1578 assimilatio
914 1520 1048 1599 (Ziemer
1065 1520 1449 1598 ’Kombinationsausglei-

278 1626 403 1705 chung')
434 1626 483 1685 vel
512 1628 684 1702 exaequatio
713 1627 744 1683 in
773 1646 808 1685 eo
839 1632 971 1703 constat,
996 1632 1040 1704 ut,
1066 1629 1092 1686 si
1117 1627 1185 1703 quis
1210 1629 1283 1704 quid
1308 1630 1449 1688 dicturus

278 1741 336 1809 est,
362 1735 431 1792 duae
456 1733 547 1792 simul
571 1733 717 1808 loquendi
741 1731 861 1811 formae,
887 1753 954 1808 quae
980 1733 1082 1808 aliquo
1106 1735 1195 1793 modo
1221 1737 1302 1794 inter
1318 1755 1350 1793 se
1368 1755 1449 1794 asso-

278 1843 410 1919 ciantur,
446 1843 478 1898 in
514 1842 613 1898 animo
650 1840 718 1916 ejus
755 1847 916 1914 emergant
951 1848 982 1898 et
1017 1842 1108 1916 quasi
1141 1841 1322 1915 conflentur,
1347 1844 1392 1900 ita
1416 1850 1450 1900 ut

278 1950 443 2022 utriusque
477 1967 551 2024 pars
586 1946 617 2003 in
653 1966 698 2023 eo,
729 1946 810 2021 quod
834 1967 907 2005 vere
932 1948 1056 2024 dicitur,
1081 1948 1252 2024 proveniat.
1301 1948 1389 2006 Sicut
1414 1968 1450 2006 ex

674 2052 805 2130 ἔξαρνός
828 2053 889 2132 εἰμι
912 2053 1043 2123 τούτων,

674 2158 863 2238 ἒξαρνέομαι
886 2164 981 2219 ταῦτα

279 2266 414 2326 efficitur
437 2265 569 2346 ἔξαρνός
592 2266 654 2345 εἶμι
676 2270 780 2326 ταῦτα.
828 2266 872 2324 Ut
897 2267 1074 2324 accuratius
1098 2265 1207 2342 dicam,
1233 2287 1301 2325 curn
1325 2269 1394 2342 quis
1418 2268 1450 2324 in

280 2395 315 2434 eo
340 2381 397 2449 est,
426 2379 461 2432 ut
485 2373 570 2431 dicat
593 2393 639 2431 ex.
665 2393 710 2449 gr.
736 2372 868 2451 ἔξαρνός
891 2374 953 2452 εἰμι
975 2373 1106 2442 τούτων,
1135 2372 1233 2431 altera
1257 2373 1312 2431 illa
1335 2374 1449 2432 locutio

279 2480 466 2560 ἕξαρνέομαι
499 2484 604 2549 ταῦτα,
640 2480 753 2557 quippe
777 2456 858 2554 ¹quas
894 2480 976 2538 idem
1011 2479 1114 2539 valeat
1149 2479 1319 2556 formaque
1344 2480 1450 2538 simili-

278 2586 419 2645 tudinem
453 2586 577 2660 habeat,
613 2587 830 2644 associationis
863 2587 1047 2644 necessitate
1077 2585 1167 2644 simul
1191 2587 1356 2661 excitatur,
1381 2606 1450 2660 quae

279 2693 392 2752 locutio
417 2694 486 2770 ipsa
509 2711 564 2769 per
588 2712 621 2751 se
646 2694 779 2750 animum
803 2694 978 2751 intuentem
1003 2692 1146 2769 impellit,
1171 2703 1206 2751 ut
1231 2693 1268 2751 ad
1294 2694 1342 2750 sui
1368 2694 1450 2751 simi-

277 2800 441 2858 litudinem
465 2800 634 2857 orationem
660 2797 836 2857 conformet.
877 2799 1064 2875 Hujusmodi
1089 2806 1255 2858 structurae
1281 2800 1450 2877 analogicae

276 2906 482 2964 formationes
505 2905 683 2982 pierumque
709 2904 914 2982 appellantur.
939 2941 972 2948 -
994 2906 1071 2977 Quae
1093 2905 1156 2982 jam
1180 2908 1212 2963 in
1235 2908 1386 2983 principio
1411 2908 1449 2965 de
1486 2911 1489 2918 '

278 3012 465 3070 difficultate
500 3013 601 3070 omnia
634 3011 858 3089 complectendi
890 3012 965 3088 dixi,
992 3011 1030 3070 ad
1054 3013 1112 3071 hoc
1135 3014 1328 3089 potissimum
1351 3033 1450 3089 genus

276 3120 443 3197 pertinent.
490 3118 614 3176 Etenim
639 3120 665 3176 si
690 3139 751 3194 qua
774 3117 840 3176 fieri
865 3125 981 3196 posset,
1007 3124 1041 3176 ut
1064 3119 1135 3178 inde
1161 3121 1198 3177 ab
1216 3119 1334 3196 origine
1351 3126 1449 3178 muta-

278 3227 379 3284 tiones
413 3230 445 3284 et
478 3226 670 3283 incrementa
704 3225 818 3301 lingua
854 3245 1120 3301 persequeremur,
1156 3227 1321 3303 plerasque
1357 3226 1449 3285 credo

278 3331 471 3408 syntacticas
495 3330 667 3408 juncturas,
693 3333 834 3406 quamvis
858 3331 1006 3407 legitimae
1030 3333 1216 3408 viderentur,
1242 3334 1301 3391 hac
1325 3335 1376 3392 via
1400 3354 1450 3392 ex-

277 3440 397 3498 stitisse
422 3448 594 3516 appareret.
643 3437 750 3512 Neque
776 3446 876 3497 tamen
899 3438 974 3495 mihi
995 3438 1094 3516 majus
1111 3439 1276 3515 quidquam
1293 3442 1448 3517 proposui,

278 3566 368 3625 quam
403 3551 447 3622 ut,
482 3565 550 3621 quae
580 3544 661 3622 apud
691 3544 871 3621 Sophoclem
896 3550 1023 3622 propter
1046 3547 1214 3605 novitatem
1239 3554 1292 3605 aut
1317 3545 1449 3604 difficul-

277 3659 372 3712 tatem
408 3658 575 3711 structurae
609 3652 641 3708 in
677 3650 783 3710 oculos
816 3653 1019 3726 incurrerent,
1049 3652 1107 3711 hac
1131 3655 1158 3710 si
1182 3673 1304 3731 possem
1327 3655 1448 3712 ratione

355 3827 375 3893 ¹)
404 3828 496 3877 Multa
515 3843 627 3876 mecum
646 3828 802 3877 meditatus
823 3827 944 3890 denique
965 3831 1165 3892 compromissi
1185 3845 1289 3878 nomen
1308 3830 1342 3878 de
1362 3832 1448 3878 tertio

277 3931 381 3979 genere
411 3916 629 3965 assimilationis
658 3932 796 3979 usurpare
826 3918 924 3979 statui,
952 3922 984 3965 ut
1013 3918 1087 3980 quod
1116 3917 1158 3965 illi
1188 3920 1361 3980 germanicae
1385 3920 1449 3967 voci

279 4005 763 4068 “Kombinations·Ausgleichung“
797 4007 904 4069 optime
936 4006 1130 4069 responderet.
1177 4006 1211 4054 In
1243 4009 1448 4070 compromisso

278 4098 353 4144 enim
374 4095 494 4143 duarum
513 4094 691 4143 locutionum
711 4096 795 4144 inest.
810 4099 842 4142 ut
861 4096 943 4157 quasi
963 4097 1148 4158 paciscantur
1167 4097 1243 4144 inter
1263 4111 1301 4160 se,
1321 4102 1353 4145 ut
1372 4104 1449 4144 utra-

277 4198 332 4246 que
361 4182 470 4246 aliquid
499 4183 532 4232 de
562 4199 613 4232 suo
642 4186 766 4248 amittat,
795 4183 905 4246 aliquid
933 4184 967 4232 de
996 4183 1090 4233 alieno
1111 4187 1249 4249 acquirat.
1269 4185 1345 4248 quod
1363 4184 1448 4248 hujus

277 4273 391 4334 generis
418 4271 636 4320 assimilationis
656 4275 779 4321 maxime
799 4273 946 4335 proprium
967 4277 1018 4321 est.
1056 4272 1079 4320 E
1100 4277 1306 4338 compromisso
1327 4290 1449 4323 commo·

278 4359 377 4407 ditatis
398 4375 485 4407 causa
505 4359 679 4423 adjectivum
699 4361 943 4424 compromissaiis
961 4365 1074 4412 novavi.
