3210 4912
1306 223 1343 280 71

156 376 160 397 ¹
220 384 259 441 ad
293 383 327 441 id
360 383 542 460 profecisse,
577 389 612 441 ut
647 384 782 442 activum
815 402 870 460 pro
894 383 995 441 medio
1025 382 1069 440 ibi
1097 388 1311 460 usurparetur,
1337 384 1389 441 ubi

217 490 312 549 medii
346 489 394 549 vis
428 496 556 568 propter
589 491 777 549 sententiam
800 491 1022 566 requireretur,
1048 487 1135 565 cujus
1159 491 1204 548 rei
1228 489 1312 567 apud
1336 489 1389 547 So-

218 597 354 674 phoclem
389 597 486 656 multa
522 595 661 673 exempla
697 602 781 672 sunt,
817 597 897 654 sicut
926 596 962 655 O.
988 595 1027 654 R.
1054 597 1119 655 590
1147 595 1181 656 ἐκ
1212 601 1269 657 σοῦ
1296 595 1385 657 πάντ’

218 705 293 766 ἄνευ
328 703 433 784 φόβου
469 705 569 786 φέρω
605 703 725 783 (φέρειν
758 702 903 762 similiter
927 724 956 761 v.
984 704 1078 778 1190,
1109 701 1160 761 Α1.
1186 704 1260 761 436.
1307 704 1387 761 Item

216 812 409 890 προσφέρειν
431 809 512 868 Phil.
538 809 645 888 1107).
692 809 766 868 Ant.
791 811 851 867 161
870 811 1015 891 πέμψας
1031 829 1085 886 pro
1101 809 1389 890 μεταπεμψάμενος

217 917 312 996 (Item
347 918 516 996 ἐκπέμπειν
545 916 621 976 Ant.
653 919 702 975 19.
751 915 867 975 Contra
891 916 1000 975 eadem
1022 918 1054 975 vi
1076 917 1108 974 in
1131 916 1229 975 medio
1253 918 1388 993 positum

218 1024 254 1084 0.
280 1025 319 1083 R.
346 1026 407 1084 951
435 1031 466 1083 et
489 1025 521 1082 in
540 1003 644 1082 'medio
669 1022 771 1082 activo
795 1021 862 1083 lere
886 1041 981 1082 sensu
1005 1022 1055 1081 Ai.
1082 1025 1156 1097 613,
1183 1023 1387 1100 015550).

218 1130 296 1188 Phil.
323 1133 375 1206 60,
400 1132 464 1188 405
500 1125 650 1192 στέλλειν
685 1149 740 1206 pro
776 1128 953 1191 στέλλεσθαι
983 1129 1034 1208 (-
1056 1149 1212 1189 arcessere
1241 1136 1276 1188 nt
1299 1130 1387 1191 ἐστει-

216 1237 321 1318 λάμην
345 1235 380 1295 O.
405 1237 445 1296 R.
471 1236 559 1313 434).
607 1234 662 1294 Ofr
685 1236 765 1295 Phil.
792 1238 852 1295 571
884 1235 1025 1297 ἔστελλον
1052 1257 1107 1314 pro
1136 1235 1308 1299 ἐστέλλοντο
1333 1238 1382 1316 (=

216 1344 506 1423 proficiscebantur3
543 1344 610 1402 sim.
644 1341 734 1421 640).
783 1342 819 1402 Ο.
849 1342 882 1402 O.
916 1345 998 1401 1411
1033 1343 1195 1424 νομίζετον
1222 1364 1276 1421 pro
1301 1345 1387 1424 κομί-

217 1451 338 1522 gronov.
386 1451 437 1508 Ai.
475 1451 537 1509 709
574 1449 752 1532 ἐπισπάσειν
786 1448 883 1517 κλέος.
930 1449 991 1508 Sed
1024 1449 1117 1509 etiam
1145 1451 1192 1509 hee
1221 1457 1387 1509 structurae

217 1560 294 1617 satis
331 1564 444 1636 apertae
480 1563 562 1616 sunt.
609 1555 690 1615 Nam
724 1558 864 1632 quisquis
889 1556 934 1616 ita
959 1557 1038 1615 dixit
1062 1577 1086 1616 s.
1111 1559 1245 1635 scripsit,
1271 1557 1387 1632 idque

216 1666 311 1724 medii
344 1667 392 1724 vis
429 1666 522 1723 activi
550 1667 675 1724 notione
703 1664 773 1741 plus
802 1664 897 1734 valet,
922 1666 1076 1724 universae
1100 1667 1264 1724 sententiae
1288 1666 1387 1741 expri-

215 1772 359 1831 mendum
382 1771 517 1845 reliquit.
565 1769 668 1846 Magis
692 1771 802 1828 mirum
826 1776 885 1847 est,
910 1772 938 1829 si
962 1772 993 1829 in
1016 1771 1057 1829 iis
1080 1773 1193 1846 verbis,
1210 1773 1387 1846 inquorum

215 1880 316 1937 medio
352 1888 497 1954 separata
532 1877 637 1952 aliqua
671 1876 856 1952 significatio
891 1884 965 1936 nuta
1000 1885 1051 1937 est
1078 1886 1110 1936 et
1134 1897 1202 1953 quae
1228 1880 1264 1937 ab
1291 1876 1386 1936 activi

215 1986 339 2043 notione
364 1985 443 2042 satis
467 1983 558 2058 longe
583 1985 676 2058 absit,
702 1983 797 2042 nihilo
820 1983 921 2042 minus
946 1986 1081 2043 activum
1104 2004 1158 2061 pro
1182 1985 1282 2042 medio
1299 2003 1387 2043 usur-

215 2098 316 2168 patur.
365 2092 403 2149 Iu
426 2091 484 2149 hoc
506 2109 619 2167 genere
644 2096 691 2150 est
714 2098 888 2173 τιμωρεῖν,
910 2092 992 2166 quod
1008 2093 1136 2151 verbum
1152 2091 1276 2170 proprie
1292 2092 1385 2167 signi-

215 2197 288 2256 ficat
326 2201 432 2258 edesse
473 2198 573 2273 alicui,
613 2197 707 2272 vulgo
742 2198 895 2256 vindicem
931 2219 977 2257 ex.
1013 2218 1059 2273 gr.
1097 2198 1132 2257 0.
1170 2199 1209 2256 R.
1249 2199 1310 2283 1136
1346 2203 1385 2278 γῇ

214 2305 288 2386 τῇδε
320 2309 525 2385 τιμωροῦντο.
581 2305 619 2361 In
653 2304 754 2363 medio
790 2304 946 2381 siguificat
981 2307 1042 2364 sibi
1076 2305 1231 2364 vindicem
1267 2304 1384 2380 adesse,

216 2432 274 2487 quo
311 2431 403 2488 sensu
439 2432 506 2469 cum
542 2411 719 2470 accusativo
755 2410 904 2489 jungitur,
940 2414 986 2470 ita
1009 2423 1044 2470 ut
1066 2413 1161 2472 liceat
1184 2413 1385 2489 interpretari

216 2520 350 2594 aliquem
373 2520 482 2578 ulcisci
507 2525 560 2576 aut
584 2519 704 2575 omnino
724 2520 845 2593 μιιιιῖνι
870 2520 951 2576 sicut
973 2519 1054 2578 Phil.
1082 2522 1166 2578 1258
1191 2519 1226 2586 ὅς
1242 2542 1276 2580 σε
1291 2540 1384 2599 τιμω-

215 2626 347 2705 ρήσεται.
394 2625 455 2683 Sed
478 2625 536 2682 hec
560 2624 628 2701 ipso
653 2644 756 2700 sensu,
781 2624 948 2700 adjuvante
973 2626 1066 2684 eredo
1091 2625 1234 2701 analogia
1259 2626 1385 2683 aliorum

214 2734 387 2808 verborum,
423 2733 456 2789 in
491 2733 604 2805 quibus
641 2732 735 2789 activi
760 2738 792 2790 et
817 2731 910 2790 medii
934 2734 1076 2791 notiones
1101 2735 1200 2791 minus
1225 2733 1383 2791 distinctae

215 2846 314 2914 erant,
352 2838 517 2914 Sophocles
553 2840 655 2896 activo
680 2840 727 2896 bis
752 2838 865 2897 utitur:
892 2837 927 2897 O.
952 2840 992 2898 R.
1020 2842 1082 2899 107
1105 2838 1176 2908 τοὺς
1200 2840 1385 2910 αὐτοέντας

214 2944 291 3024 χειρὶ
313 2952 487 3028 τιμωρεῖν.
534 2943 569 3003 O.
592 2945 632 3005 R.
652 2947 715 3003 140
739 2945 821 3013 ὅστις
835 2985 847 2994 -
862 2985 875 2994 -
890 2986 913 3016 -,
937 2946 1005 3026 τάχ’
1031 2948 1070 3007 ἂν
1093 2942 1173 3028 κάμ’
1200 2947 1238 3007 ἂν
1261 2945 1383 3024 τοιαύτῃ

214 3051 291 3130 χειρὶ
318 3059 483 3135 τιμωρεῖν
506 3050 600 3114 θέλοι.
628 3087 666 3094 -
692 3051 840 3111 Similiter
864 3073 897 3112 se
921 3054 1016 3111 habet
1038 3056 1165 3112 verbum
1181 3055 1308 3135 νέμειν.
1346 3053 1382 3109 In

215 3158 316 3216 activo
340 3158 464 3235 proprie
489 3157 646 3234 significat
669 3161 816 3232 tribuere,
840 3161 872 3217 in
895 3161 996 3219 medio
1022 3160 1139 3234 aliquid
1163 3162 1224 3218 sibi
1240 3161 1383 3232 tribuere,

215 3265 263 3323 vel
298 3267 411 3342 potius,
448 3265 475 3324 si
507 3265 675 3342 praesentis
700 3266 809 3343 stirpis
834 3268 894 3324 vim
917 3267 1080 3344 respicias
1106 3267 1224 3341 aliquid
1247 3266 1307 3325 sibi
1332 3268 1384 3324 tri-

215 3373 323 3429 butum
346 3372 470 3447 habere,
496 3373 578 3430 unde
603 3373 697 3432 solita
720 3373 814 3430 medii
837 3373 895 3450 vis,
921 3395 989 3449 quae
1015 3388 1063 3433 est
1083 3377 1251 3450 possidere,
1274 3380 1384 3445 tencre,

214 3481 356 3554 provenit
393 3478 462 3555 (Otr
497 3479 595 3537 Seiler
623 3480 748 3539 Homer.
774 3480 957 3557 wer-terta).
1004 3481 1072 3539 Hoc
1096 3501 1191 3540 sensu
1215 3480 1382 3558 Sophocles

215 3605 335 3661 semper
369 3587 507 3644 ιιιιὶοιιιιι
543 3586 679 3649 adhibet,
716 3588 797 3645 sicut
830 3588 879 3644 Ai.
908 3590 990 3645 1015
1020 3609 1044 3646 s.
1081 3588 1127 3655 ὡς
1161 3587 1196 3647 τὰ
1221 3586 1259 3647 στὶ
1283 3587 1381 3666 κράτη

215 3692 364 3758 claruimus
387 3691 440 3752 καὶ
465 3692 584 3771 δόμους
607 3695 746 3775 νέμοιμι
770 3694 851 3761 σοιἰς.
899 3693 952 3751 Ofr
977 3693 1011 3753 Ο.
1037 3696 1076 3752 R.
1103 3697 1176 3768 201,
1202 3697 1276 3767 2237,
1302 3693 1380 3750 Phil.

214 3800 287 3857 aaa.
314 3834 353 3841 —
380 3797 481 3856 Semel
518 3800 599 3874 apud
635 3799 816 3876 Sophoclem
852 3801 954 3859 media
988 3801 1086 3860 forma
1109 3804 1275 3875 invenitur,
1300 3801 1381 3858 Phil.

215 3906 287 3981 700,
313 3905 366 3962 ubi
391 3908 531 3965 vescendi·
555 3908 639 3964 notio
663 3909 757 3983 inest,
783 3929 851 3982 quae
877 3929 913 3966 ex
931 3909 1029 3967 altera
1045 3911 1141 3967 activi
1158 3908 1382 3985 significatione

213 4029 338 4084 μιιειιιο
368 4019 435 4069 orta
461 4019 517 4070 est.
545 4049 585 4054 —
610 4013 691 4070 Item
716 4015 807 4072 eredo
833 4015 883 4072 Αἰ.
910 4016 973 4071 4λο
998 4002 1055 4076 aeia
1079 4016 1117 4075 ἄν
1140 4039 1213 4075 ποτε
1237 4016 1381 4095 δίκην--

212 4119 399 4200 ἐψήφισαν
427 4139 481 4195 pro
510 4119 718 4198 ἐιμηρίσοντοι
753 4141 917 4196 numquam
938 4121 1090 4197 judicium
1120 4122 1279 4181 fecissent.
1328 4122 1383 4180 Otr

213 4225 283 4283 arln.
310 4224 425 4284 Jebliii.
472 4227 659 4283 Persuasum
684 4227 759 4284 mihi
783 4242 839 4301 est,
865 4231 890 4285 si
915 4230 984 4303 quis
1005 4229 1181 4287 accuratius
1197 4250 1262 4287 rem
1279 4230 1381 4306 explo-

213 4334 336 4406 raverit,
372 4331 464 4390 facile
501 4354 569 4391 enm
603 4333 692 4408 plura
720 4335 892 4409 hujusmodi
920 4336 1060 4414 exempla
1085 4338 1279 4394 inventurum
1303 4356 1380 4394 esse.
