3210 4912
826 968 958 1068 Cap.
988 969 1046 1051 Η.

508 1179 571 1248 De
597 1179 910 1248 assimilatione
936 1180 1104 1247 interna
1128 1180 1219 1248 sive
1244 1181 1356 1248 reali.

433 1342 535 1419 Hujus
568 1345 689 1419 generis
715 1343 950 1401 assimilationis
976 1343 1007 1401 id
1029 1337 1188 1420 ‘preprium
1213 1349 1269 1420 esi,
1296 1344 1377 1418 quod
1402 1365 1438 1403 ex
1464 1345 1518 1402 du-

346 1452 421 1508 obus
454 1449 616 1507 vocabulis
645 1451 750 1508 intime
775 1452 857 1508 inter
882 1470 915 1508 se
941 1449 1122 1527 conjunclis,
1148 1451 1253 1524 qualia
1277 1456 1351 1508 sunl
1374 1451 1517 1508 substan-

344 1558 441 1614 tivum
467 1577 534 1615 eum
559 1556 764 1634 appositione,
790 1557 965 1633 subjeetum
991 1562 1022 1614 ei
1047 1556 1260 1633 praedicatum,
1284 1557 1471 1615 correlaium
1488 1563 1519 1615 ei

344 1664 510 1721 relativum
544 1664 694 1739 pluraque
730 1662 853 1737 similia,
890 1663 1089 1737 subjunctum
1123 1684 1184 1721 non
1219 1661 1348 1720 formam
1377 1663 1433 1721 sed
1456 1665 1519 1720 vim
1599 1708 1602 1712 .

343 1771 493 1846 regeniis
516 1769 660 1827 vocabuli
696 1772 845 1844 sequitur.
875 1849 877 1853 Ι
902 1770 1031 1827 interna
1066 1790 1121 1846 pro
1157 1777 1286 1827 externa
1318 1770 1519 1846 congrueniia

343 1875 378 1933 fit
414 1876 528 1954 (Kriig.
560 1877 610 1950 58,
643 1878 670 1950 1,
708 1878 736 1934 2.
784 1876 905 1934 Ziemer
941 1876 1003 1935 Sir.
1032 1896 1102 1953 pag.
1133 1878 1184 1934 86.
1233 1876 1337 1933 Kiihn.
1364 1876 1398 1933 Π
1429 1875 1517 1952 359).

344 1983 535 2041 Diuisionem
559 1984 689 2041 Ziemeri
714 1982 839 2058 retinui,
865 2003 1050 2056 quamquam
1074 1984 1156 2040 inter
1178 1983 1257 2040 hane
1274 1985 1541 2061 exaequationem¹

344 2097 376 2148 el
400 2093 527 2148 tertium
550 2110 659 2166 genus,
672 2070 767 2163 ‘quod
790 2089 842 2147 ille
869 2087 1352 2165 ’Kombinationsausgleiehung’
1372 2089 1518 2166 appellat,

343 2217 409 2255 meo
428 2187 551 2272 quidem
564 2197 682 2273 judicio
699 2196 784 2253 haud
800 2195 931 2253 mullum
947 2198 1088 2253 interest.
1122 2195 1363 2269 Quidisentiam
1381 2196 1518 2272 exemplo

343 2303 520 2363 illustrabo,
568 2305 605 2361 ln
630 2305 790 2361 enuntiato
807 2301 896 2370 Λαός
908 2302 1044 2382 Ἀχαιῶν
1060 2303 1296 2364 ἐπικείσονται
1314 2303 1409 2381 (Grex
1424 2303 1520 2361 Achi-

344 2431 451 2468 vorum
487 2409 721 2487 aggredientur)
758 2409 879 2467 Ziemer
908 2409 986 2466 dieii
1009 2409 1158 2485 pluralem
1181 2409 1266 2467 verbi
1290 2412 1413 2468 interna
1440 2429 1518 2466 exae-

344 2518 488 2591 quaiione
526 2523 626 2575 ortum
662 2537 741 2590 esse,
778 2522 810 2574 et
846 2519 890 2575 iia
919 2522 981 2574 esi:
1007 2519 1037 2574 vi
1062 2518 1152 2592 enim,
1178 2536 1237 2573 non
1261 2515 1361 2573 forma
1385 2514 1520 2591 subjecti

323 2623 418 2691 ’λαός
441 2643 586 2682 numerus
610 2624 775 2700 praedicaii
799 2626 959 2681 statuitur.
1008 2623 1070 2680 Sed
1094 2623 1150 2681 illa
1173 2625 1219 2681 vis
1243 2623 1291 2680 vel
1312 2625 1437 2681 interna
1453 2624 1518 2680 sire

342 2731 469 2807 propria
504 2729 690 2806 significatio
725 2748 826 2787 nonne
855 2749 891 2787 ea
918 2731 1002 2787 nolio
1028 2728 1134 2803 aliqua
1162 2729 1290 2807 pluralis
1313 2730 1433 2786 numeri
1457 2733 1516 2804 esi,

288 2872 289 2875 =
344 2857 390 2894 ex.
416 2857 461 2913 gr.
487 2838 517 2896 oi
533 2835 661 2915 Ἀχαιαί,
691 2855 760 2910 quae
789 2838 821 2893 in
850 2836 1003 2910 loquendo
1027 2836 1077 2894 vel
1103 2836 1266 2894 scribendo
1290 2841 1391 2911 poetae
1417 2835 1517 2892 animo

346 2945 510 3001 obversata
533 2942 684 3018 pluralem
707 2961 867 3000 numerum
891 2944 977 3001 verbi
1002 2941 1125 3001 effecit?
1149 2943 1292 3017 Denique
1308 2963 1408 3001 nonne
1425 2963 1517 3000 enun-

344 3047 557 3116 tiaiumlaig
573 3047 711 3128 Ἀχαιῶν
735 3049 939 3110 ἐπικείσονται
965 3051 1182 3126 compromisso
1207 3049 1312 3108 dicere
1336 3050 1407 3108 licei
1425 3050 1516 3108 exsti-

279 3186 282 3190 ·
344 3154 422 3216 iisse
456 3174 472 3212 e
507 3156 641 3213 duobus:
675 3154 753 3224 λαὸς
778 3156 917 3236 Ἀχαιῶν
950 3157 1130 3217 iniuriosior
1161 3162 1193 3216 et
1216 3158 1246 3217 oi
1261 3156 1380 3237 Ἀχαιοὶ
1405 3156 1517 3216 ἐπικεί-

343 3264 469 3322 σονταιὲ
504 3261 580 3332 Quae
606 3262 645 3320 ad
668 3264 726 3322 hoe
750 3263 921 3340 exemplum
947 3264 1021 3338 dixi,
1048 3264 1087 3322 ad
1112 3265 1213 3321 omnia
1236 3263 1329 3322 facile
1354 3262 1517 3321 transferri

342 3374 483 3445 pessumi.
532 3369 678 3427 Ceterum
701 3370 862 3446 pleraque,
887 3389 955 3445 quae
979 3373 1011 3427 in
1034 3371 1093 3428 hae
1116 3377 1204 3445 parte
1230 3369 1364 3446 afferam,
1391 3369 1430 3426 ad
1448 3388 1517 3426 oon-

343 3478 546 3535 siruoiionem
582 3475 661 3536 κατα
696 3476 818 3537 σύνεσιν
846 3475 1024 3535 referuntur
1050 3477 1161 3554 (Kriig.
1190 3479 1240 3551 58,
1267 3479 1318 3535 63.
1354 3476 1459 3534 Kiihn.
1481 3476 1516 3532 II

343 3585 406 3641 359
432 3583 489 3661 ss.)
516 3589 570 3641 aul
594 3583 625 3640 in
650 3584 902 3642 anacoluthorum
926 3604 1052 3641 numero
1077 3583 1238 3642 habentur.

571 3847 630 3912 vl.
678 3853 728 3910 De
752 3851 1008 3911 assimilatione
1033 3851 1118 3910 reali
1142 3853 1291 3923 generis.

431 4031 463 4070 α.
510 4009 543 4067 Si
578 4029 711 4087 persona
747 4010 883 4067 neutrali
919 4016 973 4068 aut
1010 4013 1131 4068 omnino
1167 4008 1366 4086 impersonali
1394 4010 1516 4065 nomine

342 4114 544 4193 significatur,
581 4114 746 4191 conjuncta
779 4115 941 4190 voeabula,
976 4122 1010 4173 ul
1033 4117 1229 4174 notissimum
1254 4120 1311 4188 esi,
1336 4115 1516 4191 plerumque

341 4223 483 4281 naturale
508 4242 606 4298 genus
630 4223 793 4297 recipiunt.
830 4223 980 4299 Exempla
1004 4228 1090 4280 suni:
1118 4222 1153 4280 Ο.
1172 4223 1211 4280 R.
1234 4223 1316 4279 1167
1333 4225 1398 4282 τῶν
1415 4220 1516 4281 Λαΐαν

341 4349 392 4400 τις
413 4327 453 4409 ἦν
478 4328 691 4408 χενννχιιάτῶν.
739 4328 819 4386 Phil.
847 4330 909 4387 713
930 4327 958 4389 ῶ
974 4327 1070 4408 μελέα
1087 4328 1185 4408 ψυχά,
1204 4329 1306 4401 lig...
1341 4328 1391 4386 Αἰ.
1411 4330 1515 4386 aeis.
