3210 4912
1326 285 1343 341 7

216 423 250 504 se
275 443 436 520 conjuncta
464 445 645 520 pronomina
670 444 743 518 sint,
768 462 933 520 pronomen
960 442 1039 521 ἐμοῦ
1065 442 1154 500 alteri
1178 441 1283 522 ἄλλης,
1307 443 1388 517 quod

217 551 255 610 ad
287 551 372 609 illius
399 550 488 608 modo
517 551 638 626 pondus
663 549 837 626 augendum
862 549 1003 607 additum
1027 555 1085 626 est,
1110 569 1199 607 suum
1222 569 1319 625 genus
1342 551 1389 608 vi-

217 660 306 717 detur
334 657 486 716 intulisse.
533 657 613 715 Nam
637 656 720 731 quod
745 655 840 729 aliqui
864 656 967 733 priore
991 656 1057 714 loco
1082 655 1178 736 ἄλλης
1202 657 1241 714 ad
1267 676 1388 715 sorores

214 764 348 823 Electrae
382 762 533 838 referunt,
561 763 620 820 hoc
644 741 704 820 non
728 761 884 838 explicare
908 768 966 836 est,
991 762 1047 820 sed
1071 764 1234 821 sententiae
1258 764 1318 820 vim
1342 761 1388 820 in-

215 871 308 931 ferre.
355 870 464 945 Neque
497 869 572 927 mihi
600 871 700 942 magis
729 869 832 945 placet
856 869 965 928 eodem
987 868 1054 928 loco
1079 889 1148 926 cum
1172 869 1314 937 Nauckio
1330 869 1385 928 ἀπ’

214 977 310 1059 ἄλλης
333 979 352 1058 ἢ
373 978 450 1056 ’μοῦ
474 995 618 1034 resecare
640 996 740 1050 neque
757 977 788 1032 in
805 977 977 1052 posteriore
995 995 1063 1034 cnm
1079 974 1239 1034 Dindorfio
1257 976 1388 1050 aliisque

214 1084 310 1145 ἄλλου
335 1089 389 1142 aut
412 1081 519 1143 ἄλλων
545 1082 689 1141 scribere.
737 1081 817 1139 Nam
842 1082 971 1141 eandem
995 1091 1058 1140 tarn
1082 1082 1238 1142 insolitam
1254 1089 1388 1147 structu-

213 1211 278 1248 ram
314 1192 360 1248 bis
391 1191 428 1246 'in
457 1188 564 1247 eodem
594 1189 732 1247 dramate
762 1207 866 1247 errore
890 1190 1055 1264 irrepsisse
1078 1189 1153 1246 mihi
1177 1189 1303 1264 quidem
1325 1209 1387 1247 ma·

213 1298 293 1355 xime
318 1297 428 1354 mirum
455 1294 589 1369 videtur,
615 1301 647 1352 et
671 1297 699 1352 si
721 1293 872 1353 feminina
895 1296 1083 1371 pronominis
1107 1295 1187 1374 ἐμοῦ
1211 1297 1387 1353 terminatio

215 1409 306 1477 esset,
341 1401 464 1461 librarii
498 1401 640 1460 mendum
670 1400 752 1458 unde
781 1407 882 1459 ortum
906 1413 999 1476 esset,
1023 1400 1148 1460 facilius
1171 1402 1385 1476 intelligerem.

172 1524 175 1528 '
215 1507 366 1566 Totrrnier
390 1513 429 1590 et
446 1505 551 1565 Wolff
570 1514 656 1565 recte
681 1512 860 1583 comparant
883 1507 955 1565 Eur.
981 1507 1049 1565 Alc.
1079 1510 1117 1566 17
1143 1507 1201 1587 οὐχ
1217 1505 1290 1587 εὗρε
1305 1507 1387 1588 πλὴν

215 1614 372 1694 γυναικός,
407 1616 484 1696 ἥτις
519 1613 632 1693 ἤθελεν
660 1614 770 1674 riurein
798 1612 862 1692 πρὸ
886 1614 1000 1674 κείνου.
1048 1614 1090 1672 Et
1112 1615 1227 1673 Kaibel
1251 1617 1282 1672 in
1306 1635 1384 1674 com-

216 1722 363 1778 mentario
388 1721 427 1778 ad
451 1742 478 1779 v.
508 1723 569 1778 100
595 1720 684 1778 dicit:
725 1721 815 1778 “Wie
840 1720 890 1776 bei
906 1741 964 1778 uns
981 1722 1049 1777 eine
1067 1721 1149 1778 Erau
1166 1741 1263 1795 sagen
1279 1722 1385 1780 iviirde

217 1826 277 1884 ’ich
304 1827 372 1884 und
399 1827 489 1885 keine
520 1827 614 1884 andre
638 1824 721 1884 hat's
744 1827 882 1902 gethan’,
908 1846 941 1884 so
967 1827 1046 1884 anch
1069 1829 1111 1884 im
1136 1828 1384 1886 Griechischen.“

217 1934 332 1992 Contra
356 1935 467 1992 tertius
491 1933 587 2009 locus,
613 1935 728 2008 quiex
752 1934 879 1991 Electra
903 1933 1039 2010 affertur,
1062 1956 1089 1993 v.
1111 1936 1194 1992 1182
1213 1935 1298 1995 οὔτοι
1313 1935 1383 1994 nor'

216 2036 323 2122 ἄλλην
357 2042 376 2120 ἢ
407 2039 461 2119 ’μὲ
489 2040 675 2120 δυσφημεῖς,
700 2042 796 2117 primo
821 2039 942 2114 quidem
967 2047 1095 2117 aspectu
1119 2042 1227 2099 similis
1251 2041 1385 2116 videtur,

214 2147 269 2204 sed
303 2149 329 2204 si
366 2149 543 2206 accuratius
570 2167 635 2206 rem
658 2149 865 2223 perspexeris,
891 2147 983 2206 aliter
1007 2166 1040 2205 se
1065 2167 1131 2206 eam
1155 2149 1268 2206 hahere
1294 2169 1386 2225 appa-

213 2255 302 2312 rebit.
350 2254 412 2312 Hic
448 2253 529 2312 enim
557 2254 633 2311 nihil
657 2274 759 2312 causae
784 2261 833 2312 est
857 2254 932 2329 quin
955 2253 1052 2334 ἄλλην
1077 2255 1116 2313 ad
1141 2253 1285 2313 feminam
1309 2253 1385 2313 refe-

213 2368 300 2418 ratur
324 2360 383 2419 hoc
410 2361 515 2419 modo:
541 2359 618 2418 nulli
641 2361 763 2418 mulieri
786 2363 846 2418 nisi
869 2361 945 2419 inihi
969 2361 1129 2420 maledicis
1154 2363 1173 2419 i.
1192 2381 1217 2419 e.
1243 2362 1308 2419 haec
1330 2382 1385 2437 pu-

213 2468 282 2538 olla,
319 2487 386 2542 quae
415 2487 518 2543 coram
542 2472 572 2526 te
598 2475 664 2526 asto
689 2470 797 2543 cuique
821 2478 855 2526 tu
878 2468 1049 2543 maledicis,
1076 2489 1131 2545 ego
1156 2468 1283 2527 Electra
1308 2488 1383 2526 sum.

409 2731 462 2797 ΙΙ.
510 2737 560 2794 De
584 2736 840 2794 assimilatione
863 2737 1003 2795 formali
1027 2752 1186 2794 casuum.

302 2914 334 2954 α.
381 2895 543 2952 Interdum
567 2893 611 2971 fit,
636 2902 671 2952 ut
694 2894 901 2954 nominativus
924 2895 1089 2972 praedicati
1107 2894 1327 2953 assimilatione
1345 2895 1383 2952 ed

214 3002 396 3075 vocativum,
421 3003 487 3059 sive
512 3001 628 3059 diserte
654 3002 766 3059 dicitur
791 3002 839 3059 vel
863 3001 1010 3060 scribitur
1033 3003 1097 3060 sive
1121 3003 1310 3076 cogitatione
1333 3003 1384 3059 ad-

214 3107 335 3165 dendus
368 3114 425 3183 est,
456 3107 514 3166 hoc
544 3129 619 3166 casu
644 3113 857 3168 commutetur.
904 3109 1000 3167 Velut
1023 3109 1140 3184 legitur
1164 3108 1242 3166 Phil.
1272 3110 1334 3166 760
1358 3129 1383 3166 s,

212 3213 252 3274 ἰὼ
274 3196 409 3294 dictave
432 3215 480 3284 σύ,
505 3212 653 3297 δύστηνε
677 3214 754 3295 δῆτα
780 3214 830 3275 διὰ
854 3215 965 3275 πόνων
988 3215 1117 3275 πάντων
1141 3216 1259 3294 φανείς,
1276 3217 1328 3272 ubi
1349 3235 1384 3273 eo

212 3320 336 3378 facilior
371 3322 554 3379 assimilatio
590 3328 651 3407 est2
686 3322 768 3395 quod
793 3321 932 3395 ejusdem
957 3321 1105 3397 adjectivi
1128 3322 1291 3380 vocativus
1315 3342 1383 3398 pro-

212 3429 292 3485 xime
317 3427 483 3486 antecedit.
519 3428 567 3484 Ex
591 3429 698 3486 eodem
721 3448 833 3502 genere
859 3433 905 3485 est
930 3428 979 3486 Αἰ.
1006 3430 1069 3486 695
1094 3448 1134 3486 ss.
1158 3425 1186 3489 ὦ
1210 3425 1284 3487 Πὰν
1300 3424 1383 3498 Πάν,

213 3530 504 3617 &timiama-0
528 3534 660 3615 φάγηᾶι.
707 3534 786 3592 Phil.
824 3536 886 3592 827
924 3555 948 3592 s.
980 3534 1046 3592 cod.
1071 3535 1118 3591 La
1145 3535 1279 3610 prabet:
1309 3534 1381 3594 tinv’

213 3639 331 3707 ὀδύνας
359 3640 469 3719 vidulis,
500 3641 576 3700 iisne
600 3640 629 3699 (λ’
656 3641 788 3719 ἀλγέων,
813 3642 923 3730 ndacii,-
948 3640 1021 3720 ἡμὶν
1045 3640 1158 3707 stalera
1205 3641 1264 3697 Pro
1289 3640 1384 3719 εᾶαής

212 3747 369 3804 Hermann
412 3747 567 3824 (Naualiio
608 3748 703 3823 teste)
742 3748 780 3804 ad
815 3738 947 3805 metrum
986 3748 1213 3806 restituendum
1259 3746 1385 3822 scripsit

211 3855 322 3931 εὐαές,
358 3853 440 3927 quod
475 3854 614 3929 plerique
649 3854 786 3911 editores
822 3861 1008 3930 receperunt
1031 3861 1063 3910 et
1087 3855 1175 3911 nobis
1201 3852 1291 3910 credo
1315 3872 1383 3927 pro-

214 3960 346 4017 bandum
382 3967 439 4017 est.
498 3959 622 4017 Etenim
662 3960 689 4017 si
728 3962 825 4036 primo
861 3961 951 4027 sr’vrr'g
990 3960 1061 4034 fuit,
1102 3959 1253 4033 quomodo
1288 3958 1384 4037 εᾶαής

212 4068 401 4124 correctione
434 4078 489 4123 aut
518 4066 627 4124 mendo
657 4066 824 4124 scribentis
848 4067 969 4124 illatum
993 4069 1043 4140 sit,
1069 4067 1162 4124 facilc
1186 4066 1382 4138 intelligitur.

212 4173 457 4248 Comparandurn
483 4180 531 4230 est
556 4173 683 4230 Theocr.
714 4175 799 4246 inec
823 4173 909 4252 ὄλβιε
932 4178 1019 4252 stirpe
1044 4174 1156 4251 γένοιο,
1181 4180 1213 4230 et
1233 4175 1264 4229 in
1286 4172 1383 4229 latina

211 4280 317 4355 lingua
341 4280 453 4338 Tilrull.
479 4280 495 4336 l
522 4282 587 4355 7‚53
611 4281 656 4378 sic
680 4281 787 4337 venias
810 4280 967 4337 hodierne.
1015 4280 1111 4337 Plura
1132 4280 1273 4355 exempla
1289 4280 1384 4337 hales

212 4387 241 4442 in
266 4387 372 4444 Jellni
397 4387 466 4443 adn.
494 4385 532 4443 ad
556 4386 637 4443 Phil.
667 4388 728 4443 iso
754 4394 784 4442 ct
807 4385 929 4443 Zienicr
953 4385 1013 4443 Str.
1040 4407 1068 4461 p.
1098 4389 1132 4444 il
1162 4409 1186 4464 γ.
