3210 4912
1307 281 1346 337 31

305 458 336 519 γ.
383 436 410 493 Ε
445 438 599 495 contrario
636 435 736 495 oratio
769 456 998 512 nonnumquam
1023 460 1040 497 a
1065 440 1181 516 plurali
1204 458 1330 496 numero
1355 439 1394 496 ad

218 544 405 620 singularem
441 545 554 601 transit
589 544 674 602 velut
710 544 785 602 Ant.
825 547 909 602 troo
934 565 974 604 se.
999 544 1055 613 τὰς
1083 545 1143 624 γὰρ
1171 544 1290 626 ἡδονὰς
1319 545 1394 606 ὅταν

216 650 381 729 προδῶσιν
406 647 541 732 ἄνδρες,
565 650 603 710 οὐ
627 650 732 730 τίθημ’
760 650 823 729 ἐγὼ
848 652 905 731 ζῆν
928 659 1054 714 τοῦτον
1079 653 1112 731 (i.
1132 673 1158 712 e.
1181 650 1235 712 τὸν
1251 657 1393 712 τοιοῦτον

217 757 344 834 Schol).
392 757 515 832 Fragm.
535 758 597 815 535
616 757 654 818 οὐ
677 758 739 837 χρή
763 757 829 818 ποτ’
858 758 1060 839 (Οθαιρὶ).χρὴ
1085 758 1167 836 πότ’)
1186 755 1393 840 ἀνθρώπων

216 864 317 943 μέγαν
352 863 449 943 ὄλβον
482 863 887 944 ἀποβλέψαι’ταννφλοίον
917 864 976 944 γὰρ
1005 866 1166 946 ι’σαμέριος
1195 861 1392 946 [φύλλοισιν]

216 970 355 1049 αἰγείροο
390 968 499 1050 βιοτὰν
534 969 714 1050 ἀποβάλλει,
750 972 809 1032 ubi.
829 992 846 1029 a
869 972 984 1049 plurali
1008 972 1195 1051 ἀνθρώπων
1221 971 1392 1046 singularis

217 1076 393 1156 ἄνθρωπος
410 1076 589 1134 adverbum
606 1076 777 1157 ἀποβάλλει
792 1079 982 1138 mutuandus
1000 1084 1057 1137 est.
1083 1079 1120 1137 In
1136 1080 1218 1137 huno
1233 1098 1392 1137 numerum

217 1181 415 1242 referendum
450 1189 500 1242 est
523 1183 604 1243 Phil.
630 1185 693 1243 645
719 1204 744 1243 e.
774 1184 852 1255 ἀλλ’,
878 1186 905 1246 εἰ
927 1185 1021 1256 δοκεῖ,
1057 1191 1236 1267 χωρῶμεν,
1260 1184 1409 1245 ἔνδοθεν·

216 1290 341 1370 λαβών,
365 1289 440 1350 ὅταν
465 1312 499 1350 σε
522 1291 609 1369 χρεία
634 1289 688 1350 καὶ
710 1290 818 1359 πόάος
841 1291 959 1371 μάλιστ’
985 1293 1056 1372 ἔχει.
1092 1291 1202 1368 Neque
1227 1293 1392 1350 enimcum

216 1396 350 1455 Dobraeo
368 1396 499 1471 aliisque
515 1391 659 1476 λαβόνθ’
679 1397 876 1455 scribendum
893 1418 960 1456 esse
976 1404 1061 1474 puto.
1089 1398 1169 1457 Nam
1186 1398 1345 1457 interdum
1361 1400 1393 1455 in

215 1523 318 1577 graeco
335 1522 485 1580 sermone,
502 1505 609 1577 utique
627 1503 710 1579 apud
726 1503 940 1581 Thucydidem
956 1504 1000 1579 fit,
1016 1512 1050 1564 ut
1062 1505 1094 1562 in
1107 1505 1234 1581 periodo
1248 1507 1392 1563 substan-

216 1607 314 1668 tivum
338 1609 434 1684 semel
457 1611 592 1686 positum
615 1611 647 1668 in
673 1610 730 1668 alio
756 1613 917 1669 enuntiato
942 1611 1036 1670 alium
1052 1631 1211 1670 numerum
1227 1610 1392 1688 significet,

216 1717 341 1775 etiamsi
364 1716 397 1773 id
421 1736 482 1774 non
506 1716 635 1775 disertis
660 1718 765 1775 verbis
790 1718 922 1793 dicatur,
944 1717 1031 1795 cujus
1047 1719 1174 1793 generis
1190 1719 1256 1777 haec
1273 1719 1392 1794 species

216 1826 272 1882 est.
322 1821 376 1880 Ofr
405 1822 478 1881 Ant.
513 1824 578 1881 407
607 1842 647 1880 ss.
678 1823 769 1891 ὅπως
804 1822 864 1903 γὰρ
899 1825 1035 1904 ἥκομενἸ
1056 1832 1113 1887 cet.
1173 1825 1252 1883 Nam
1287 1845 1392 1899 quam-

216 1950 308 2005 quam
342 1929 457 2006 plurali
493 1950 619 1988 numero
652 1929 723 1989 inde
761 1932 798 1987 ab
832 1931 922 1988 initio
946 1934 1075 1990 nuntius
1100 1934 1207 2006 utitur,
1232 1933 1329 2008 primo
1355 1931 1393 1990 de

218 2055 252 2094 se
279 2056 338 2094 uuo
367 2036 455 2112 dicit,
484 2044 555 2114 post
581 2036 613 2112 (a
635 2038 800 2114 participio
825 2038 990 2117 σήραντες)
1016 2041 1112 2097 verba
1136 2038 1202 2114 ejus
1227 2038 1265 2095 ad
1291 2058 1393 2096 omnes

218 2143 361 2202 custodes
398 2148 550 2220 spectant.
598 2144 694 2201 Recte
731 2150 889 2221 comparat
918 2145 1138 2204 Schneidewin
1163 2145 1277 2203 Aesch.
1303 2145 1391 2202 Eum.

219 2251 277 2306 141
297 2269 321 2307 s.
339 2250 456 2328 ἀνίστα,
474 2246 732 2312 κάπολακτίσαέ
752 2251 851 2313 ὕπνον
866 2251 1002 2331 ἰδώμεθ’
1102 2252 1206 2310 Simile
1223 2252 1393 2328 exemplum

214 2356 294 2414 Xen.
320 2356 380 2415 An.
407 2357 442 2415 Π
466 2359 495 2431 6,
524 2358 538 2413 1
565 2357 732 2415 invenitur.
780 2357 896 2417 Contra
919 2359 1102 2436 exemplum,
1128 2359 1211 2433 quod
1234 2359 1338 2417 Kuhn.
1357 2358 1392 2415 Π

213 2464 290 2539 371,
316 2464 345 2539 5,
372 2467 390 2521 2
415 2462 517 2538 affert,
554 2464 605 2522 Tr.
632 2465 706 2540 335,
731 2464 883 2524 dissimile
908 2478 964 2525 est.
1013 2468 1063 2524 Ibi
1086 2468 1166 2524 enim
1194 2467 1393 2543 participium

213 2572 316 2629 estin
340 2571 548 2648 responsione,
573 2572 626 2628 ubi
649 2572 774 2629 verbum
797 2591 910 2648 regens
934 2575 966 2630 in
989 2572 1071 2648 justa
1096 2571 1194 2631 forma
1217 2573 1392 2648 intelligen-

214 2675 287 2734 dum
311 2684 367 2735 est.
394 2714 435 2720 -
461 2676 517 2735 Ofr
534 2677 572 2735 Il.
599 2677 732 2734 111211
760 2659 862 2757 duum
887 2678 916 2738 δ’
932 2679 1073 2758 ἑζομένω
1098 2680 1314 2758 γεραρώτερος
1338 2678 1393 2758 ἦεν

211 2781 392 2851 Ὀδυσσεύς,

304 2905 357 2969 a·
382 2907 459 2966 Cum
494 2910 562 2983 quis
598 2908 636 2967 de
670 2928 703 2967 se
732 2911 765 2966 in
788 2909 911 2986 plurali,
937 2911 990 2985 qui
1019 2911 1080 2972 dici
1104 2910 1182 2968 solet
1206 2908 1390 2985 majestatis,

214 3016 362 3092 loquitur,
400 3018 530 3092 abrupte
565 3035 648 3092 saepe
684 3036 847 3074 numerum
882 3017 996 3075 mutari
1033 3019 1110 3076 bene
1141 3019 1265 3093 scimea,
1290 3036 1391 3092 neque

216 3123 356 3198 exempla
381 3120 491 3180 afferre
517 3142 618 3199 operae
643 3126 778 3200 pretium
802 3131 859 3182 est.
886 3160 927 3166 -
954 3124 1016 3182 Cur
1032 3123 1149 3182 femina
1165 3126 1192 3183 si
1209 3123 1262 3182 illo
1279 3124 1391 3201 plurali

215 3231 324 3304 utitur,
349 3229 550 3287 masculinum
574 3250 671 3304 genus
696 3235 823 3307 usurpet
850 3230 910 3308 (El.
930 3233 1004 3290 399.
1029 3233 1102 3289 Ant.
1126 3233 1199 3290 326.
1230 3230 1281 3288 Tr.
1300 3231 1391 3314 432),

215 3335 425 3411 intelligemus
449 3343 564 3395 natura
587 3336 679 3412 hujus
703 3338 868 3396 locutionis
892 3342 1067 3415 perspecta.
1115 3338 1195 3395 Nam
1218 3339 1331 3411 siquis
1348 3339 1392 3395 ita

215 3442 409 3520 loquebatur,
435 3463 495 3501 non
520 3444 558 3502 de
583 3463 617 3502 se
641 3444 730 3501 modo
757 3445 891 3520 dicebat,
917 3446 972 3504 sed
998 3445 1036 3503 de
1060 3464 1093 3503 se
1118 3449 1150 3502 et
1167 3444 1237 3502 aliis
1254 3446 1392 3519 quicum

215 3569 251 3607 eo
277 3550 379 3624 aliqua
402 3552 553 3609 societate
578 3550 734 3626 conjuncti
758 3558 855 3611 erant.
905 3552 996 3610 Certe
1019 3553 1107 3610 initio
1133 3550 1178 3609 sic
1203 3557 1281 3625 erat,
1309 3550 1391 3606 unde

213 3662 376 3714 structura
404 3659 566 3716 immutata
591 3660 794 3717 retinebatur.
842 3659 989 3717 Fortasse
1014 3678 1083 3717 oum
1106 3659 1164 3716 hac
1188 3678 1221 3715 re
1246 3658 1390 3730 cohaeret,

216 3763 298 3838 quod
321 3784 423 3841 graeca
448 3765 568 3841 mulier,
595 3785 664 3822 cum
688 3765 726 3824 de
750 3764 872 3823 feminis
896 3767 927 3822 in
951 3767 1131 3824 universum
1154 3764 1284 3840 diceret,
1309 3783 1391 3840 saepe

215 3871 387 3929 masculino
411 3891 524 3947 genere
548 3872 703 3946 utebatur,
729 3873 811 3930 sicut
834 3871 985 3929 Deianira
1011 3872 1089 3929 dicit
1115 3871 1166 3929 Tr.
1195 3873 1254 3929 151
1281 3890 1305 3927 s.
1330 3869 1389 3930 τότ’

215 3976 254 4037 ἀν
282 4001 326 4045 τις
353 3977 504 4047 εἶσίάοιτο,
537 3978 594 4058 τὴν
622 3980 732 4041 αὑτοῦ
761 3983 894 4039 σκοπῶν
928 3980 1051 4058 πρᾶξιν,
1088 3984 1233 4038 κακοῖσιν
1257 3977 1302 4044 οἷς
1327 3976 1390 4055 ἐγὼ

215 4084 405 4164 βαρύνομαι,
425 4067 573 4160 'quocum
605 4085 671 4143 loco
701 4073 942 4161 comparandum
965 4093 1013 4143 est
1036 4085 1086 4143 El.
1114 4086 1174 4143 ΠΙ
1203 4083 1389 4163 (πάσχοντι).
1443 4115 1447 4121 -

218 4189 334 4248 Contra
362 4192 393 4248 in
422 4190 520 4249 latina
544 4193 650 4266 lingua
675 4190 854 4249 assimilatio
880 4192 920 4249 ad
943 4192 1144 4268 principalem
1168 4192 1321 4249 notionem
1346 4189 1389 4248 fit.

216 4296 260 4354 Ut
284 4296 366 4355 Dido
393 4298 483 4355 dicit:
509 4300 553 4356 sic
577 4299 742 4355 moriemur
765 4299 884 4357 ‘triturae
