3210 4912
319 270 359 326 52

360 428 412 487 Tr.
440 429 502 485 205
528 446 569 484 se.
601 425 718 483 codicis
747 425 793 483 La
822 427 977 502 scriptura
1015 431 1063 483 est
1097 425 1299 496 ἀνολολύξετε
1336 425 1446 505 δόμοις

273 535 424 614 ἐφεστίοις
448 533 575 600 ἀλαλαῖς
595 532 612 592 ὁ
628 531 853 611 μελλόννμψος
869 532 903 592 έν
920 531 954 592 δέ
970 530 1077 598 κοινὸς
1093 531 1239 610 ἀρσένων
1255 533 1309 592 ἴτω
1325 531 1445 612 κλαγγὰ

271 640 325 702 τὸν
359 641 557 721 εὐψαρέιραν
584 638 729 700 Ἀπόλλω
762 639 948 716 προστάταν.
994 639 1098 697 Variae
1124 638 1354 698 emendationes
1378 658 1445 715 pro-

272 754 436 825 ponuntur,
466 747 521 804 sed
548 746 705 822 plerisque
731 764 890 803 commune
915 751 975 820 est,
1000 752 1035 802 ut
1058 745 1165 803 dicant
1188 742 1243 805 τὸν
1262 744 1404 805 Ἀπόλλω
1430 766 1447 802 a

273 855 366 912 verbo
400 852 600 923 ἀνολολύζειν
631 852 769 929 pendere
794 857 826 910 et
849 851 882 911 ἐν
907 849 968 911 δὲ-
982 890 995 900 -
1012 853 1069 913 ίτω
1091 850 1213 931 κλαγγιί
1237 853 1446 929 parenthesim

274 979 353 1019 esse·
377 965 498 1036 putent.
547 959 663 1017 Verum
698 960 724 1015 si
759 959 923 1016 scribimus
955 957 1255 1029 ἀνολολύξατε---,
1286 959 1309 1019 ἁ
1335 958 1446 1037 μελλό-

273 1088 399 1145 νομψος
422 1065 455 1126 έν
480 1063 514 1125 δὲ
537 1064 645 1132 κοινὸς
669 1065 813 1143 ἀρσένων
838 1066 899 1127 ἴτω
923 1062 1056 1148 κλαγγὰ
1079 1065 1139 1127 τὸν
1157 1061 1328 1143 Ἀπόλλω,
1365 1065 1446 1141 quod

273 1171 472 1245 Danielsson,
506 1171 585 1247 prol'.
615 1171 728 1246 linguae
753 1190 872 1248 graecae,
897 1173 928 1228 in
954 1173 1232 1230 exercitationibus
1257 1192 1329 1230 sem.
1357 1173 1445 1231 class

274 1279 444 1355 proposuit,
471 1283 502 1335 et
526 1279 656 1336 mutatio
680 1280 778 1336 minor
802 1284 849 1335 est
873 1283 906 1335 et
928 1278 1025 1336 multo
1051 1280 1230 1337 concinnior
1246 1280 1399 1337 sententia
1416 1287 1445 1338 et

274 1385 373 1458 magis
399 1385 568 1461 composita
590 1382 640 1442 fit:
662 1383 795 1459 jubilate
819 1385 850 1441 in
874 1383 978 1442 domo:
1003 1387 1092 1460 pueri
1110 1385 1287 1461 Apollinem
1303 1388 1446 1444 cantibus

275 1491 418 1565 laudent,
455 1511 521 1563 voe,
557 1490 678 1568 puellae,
714 1489 845 1548 Dianam
882 1491 1047 1551 celebrate.
1098 1490 1152 1549 cfr
1175 1491 1299 1550 Horatii
1325 1511 1447 1550 carmen

276 1597 433 1656 saeculare.
482 1597 588 1672 Neque
614 1604 772 1655 structura
800 1599 899 1674 nobis,
929 1603 1004 1671 quot
1029 1598 1168 1675 exempla
1192 1600 1337 1665 vidimus,
1363 1619 1447 1658 scru-

275 1705 379 1782 pulum
404 1703 532 1780 injicere
557 1703 664 1762 debet:
690 1703 833 1781 ἀρσένων
857 1705 912 1764 ίτω
937 1703 1057 1783 κλαγγιί
1081 1707 1154 1763 item
1173 1712 1384 1764 constructum
1400 1715 1448 1764 est

277 1818 368 1885 atque
404 1811 433 1871 οἱ
465 1810 592 1890 ἀρσενες
619 1808 812 1888 μελιτύντων.
858 1810 906 1866 De
932 1809 1084 1886 adjectivo
1107 1811 1340 1891 μελλύννμψος,
1366 1813 1447 1887 quod

276 1917 316 1976 ad
340 1918 437 1975 subet.
462 1915 582 1996 κλαγγύ
606 1936 661 1991 pro
683 1918 780 1974 subet.
799 1915 943 1994 ἀρσένων
959 1917 1091 1974 relatum
1107 1917 1235 1996 cst'(clr
1253 1938 1319 1994 cap.
1338 1918 1364 1993 I,
1381 1918 1444 1996 ΠΙ).

365 2023 438 2080 Ant.
465 2023 527 2080 857
553 2041 593 2080 ss.
619 2023 762 2099 ἔψαυσας
797 2021 1011 2100 ἀλγεινοτάτας
1046 2022 1116 2101 ἐμοὶ
1149 2025 1302 2103 μερίμνας
1330 2023 1449 2103 πατρὸς

274 2128 467 2209 τριπόλιστον
503 2124 622 2191 οἶκτον
654 2133 708 2189 τοῦ
733 2151 764 2188 τε
791 2128 971 2208 πρόπαντος
994 2129 1148 2208 ἁμετέραν
1172 2129 1295 2210 πότμον
1319 2131 1449 2199 κλεινοῖς

276 2235 533 2316 Λαβδακίδαισιν.
581 2235 619 2292 In
643 2235 700 2293 hoc
728 2235 795 2293 loco
820 2235 903 2294 valet
925 2236 1003 2294 illud
1029 2234 1114 2311 'quot
1138 2238 1287 2311 heminae,
1312 2245 1359 2297 tot
1382 2258 1448 2297 sen-

276 2342 403 2419 tentia’,
439 2362 516 2417 quas
553 2342 694 2416 equidem
719 2360 863 2399 enarrare
896 2342 998 2400 nolim.
1045 2344 1156 2401 Nauck
1186 2351 1218 2402 et
1246 2344 1353 2403 eodem
1381 2343 1447 2403 fere

277 2449 365 2507 modo
392 2449 551 2525 Oampbell
575 2455 694 2525 ponunt
716 2449 869 2528 μερίμνας
892 2449 1064 2525 genitivum
1088 2470 1157 2508 esse
1182 2458 1213 2509 et
1236 2453 1273 2509 ab
1294 2452 1448 2510 locutione

277 2556 420 2635 ἔψαυσας
451 2555 606 2634 μερίμνας
639 2555 853 2613 accusativum
877 2553 982 2616 οἶκτον
1006 2557 1142 2632 pendere
1171 2592 1205 2600 -—
1234 2557 1316 2632 quod
1339 2556 1449 2615 Nauck

277 2662 435 2721 Brunckio
465 2668 591 2719 auctore
616 2660 699 2722 οίτον
723 2663 841 2737 scribit,
866 2667 897 2720 et
922 2663 1110 2721 deteriorem
1135 2665 1321 2722 sententiam
1344 2663 1450 2721 reddit

279 2777 310 2828 et
344 2769 448 2846 plures
483 2770 670 2826 mutationes
704 2767 839 2842 requirit
863 2803 914 2844 —,
945 2775 976 2826 et
999 2775 1103 2845 potest
1126 2771 1170 2828 ita
1194 2788 1227 2826 se
1251 2789 1301 2827 res
1324 2770 1447 2827 habere.

277 2876 394 2935 Dubito
430 2881 543 2950 tamen,
581 2895 618 2931 an
642 2874 796 2953 μερίμνας
821 2874 1019 2933 accusativus
1043 2876 1173 2952 pluralis
1199 2876 1249 2953 sit,
1276 2878 1326 2934 cui
1349 2875 1450 2939 οἶκτον

279 2981 454 3060 explicandi
490 3001 585 3038 causa
620 2983 661 3039 sit
697 2982 874 3058 appositum
910 2980 979 3059 (cfr
1012 2981 1134 3041 Wolffii
1167 2982 1263 3060 adn).
1311 2983 1449 3042 Verbum

278 3089 391 3168 ψαύειν
426 3108 494 3145 cum
531 3089 710 3145 accusativo
747 3088 973 3147 assimilatione
1009 3089 1048 3147 ad
1084 3091 1211 3147 verbum
1244 3095 1338 3151 κινεῖν
1362 3089 1449 3165 jungi

278 3194 390 3272 potuit,
427 3196 454 3252 si
490 3193 646 3268 Antigone
682 3193 772 3252 nefas
807 3197 940 3271 putabat
975 3195 1012 3254 de
1037 3196 1209 3254 miserrima
1234 3196 1342 3256 domus
1366 3203 1449 3256 sorte

279 3301 383 3375 loqui
418 3301 460 3358 Et
483 3303 535 3359 vix
561 3321 635 3359 casu
660 3302 772 3375 evenit,
809 3308 843 3358 ut
868 3302 959 3377 paulo
984 3302 1077 3379 infra,
1102 3323 1131 3361 v.
1158 3305 1231 3380 961,
1256 3302 1451 3383 meritorios

279 3407 356 3468 δεύν
388 3408 496 3465 eadem
521 3410 746 3466 constructione
772 3408 904 3466 dicatur.
952 3409 1086 3468 Videtur
1110 3410 1165 3468 illa
1190 3417 1357 3486 structura,
1382 3431 1450 3468 cum

204 3581 210 3594 ι
279 3515 409 3590 primum
443 3520 544 3590 poetae
574 3516 605 3570 in
632 3524 767 3587 mentem
790 3518 938 3591 venisset,
964 3515 992 3571 ei
1016 3535 1076 3574 non
1101 3515 1310 3592 displicuisse.
1337 3554 1377 3559 —
1402 3516 1449 3575 De

280 3621 385 3678 dativo
409 3619 660 3700 Λαβδακίδαισιν
683 3619 765 3678 infra
788 3621 904 3679 videre.

368 3725 402 3784 Ο.
428 3727 467 3784 R.
495 3727 559 3783 603
584 3747 608 3785 s
634 3726 687 3787 καὶ
720 3727 813 3787 τῶνδ’
846 3724 1000 3811 ἔλεγχον,
1028 3734 1118 3790 τοῦτο
1141 3728 1200 3809 μὲν
1225 3727 1365 3790 Πυθώδ’
1392 3729 1450 3790 ἰὼν

278 3833 402 3893 πεύδοιι
437 3831 472 3892 τά
508 3833 677 3913 γρηοι9·έντ’
715 3835 750 3894 εί
789 3839 902 3913 σαψως
937 3834 1062 3914 ἤγγειλά
1091 3858 1148 3896 σοι.
1196 3836 1349 3894 Teurnier
1373 3836 1451 3894 dicit

278 3939 429 3998 vocabula
447 3939 571 3999 τιεύδον
585 3979 598 3988 -
613 3979 626 3988 -
640 3979 653 3988 -
670 3940 795 4020 ἤγγειλέ
812 3963 861 4001 σοι
879 3943 1031 4001 actionem
1048 3945 1228 4019 exprimere,
1246 3944 1333 4020 cujus
1350 3943 1451 4020 objec-

279 4052 344 4103 tum
366 4045 461 4105 τῶνδ’
488 4044 615 4125 ἔλεγχον
638 4048 688 4104 sit.
737 4047 798 4105 Sed
822 4047 949 4127 ἔλεγχον
973 4048 1157 4124 simpliciter
1181 4049 1335 4125 appositio
1355 4050 1451 4108 totius

280 4151 441 4226 sequentis
478 4154 631 4210 enuntiati
668 4159 724 4212 est.
773 4153 827 4211 cfr
856 4155 905 4212 Ai.
941 4157 1003 4213 559
1040 4154 1148 4234 ψυχὴν
1182 4156 1333 4226 ἀτάλλων,
1357 4156 1452 4237 μητρὶ

279 4258 352 4339 τῇδε
375 4262 568 4342 χαρμονήν.
729 4255 730 4258 '

370 4366 419 4424 Ai.
448 4367 505 4423 191
533 4386 557 4426 e.
582 4366 626 4447 μὴ
651 4367 696 4447 μή
720 4363 769 4449 μ’,
793 4368 962 4439 ἀναξ,---
978 4367 1082 4428 κακὰν
1105 4371 1211 4450 φάτιν
1235 4371 1313 4452 ἄρῃ.
1357 4369 1451 4440 Quid-
