3210 4912
296 268 350 331 '54

263 433 315 491 ille
350 435 481 506 genitivi
517 428 592 491 usus
629 451 750 509 semper
784 433 961 491 liberrimus
997 439 1074 509 erat,
1109 435 1243 493 tortasse
1271 442 1371 494 tamen
1397 435 1435 494 de

264 540 406 614 analogia
441 541 544 598 dicere
579 559 745 616 possumus
780 541 811 596 in
847 539 1006 616 exemplis,
1043 540 1132 614 quale
1169 547 1217 600 est
1246 542 1322 600 Phil.
1351 544 1435 601 1039

262 646 405 729 κέντρον
439 647 685 727 aleton-epos
723 645 928 723 (desiderium
962 647 1047 724 mei),
1082 647 1120 705 de
1148 668 1208 721 quo
1234 648 1316 707 Jebb
1341 649 1436 707 dicit:

263 747 330 811 The
363 752 516 828 objectiva
552 771 621 829 gen.
658 752 686 810 is
715 752 779 810 like
803 753 872 810 that
897 751 978 810 after
1002 753 1163 833 ἐπιθυμία,
1188 756 1272 813 since
1297 748 1453 834 κέντρον,Ὶ

262 859 325 917 like
349 858 478 938 οἶστρος,
503 879 569 917 was
594 859 772 934 constantly
799 860 973 918 associated
999 860 1076 917 with
1100 861 1170 918 that
1194 860 1274 920 idea.

350 965 431 1023 Num
467 965 627 1040 quodlibet
661 967 787 1023 verbum
826 966 863 1021 ab
899 967 988 1024 initio
1018 985 1086 1024 cum
1109 969 1247 1042 genitivo
1267 966 1359 1043 jungi
1383 987 1435 1044 po-

261 1071 365 1146 tuerit,
402 1074 428 1130 si
461 1071 550 1129 modo
581 1073 661 1130 actio
690 1069 757 1146 ejus
787 1071 826 1128 ad
849 1079 969 1148 partem
993 1071 1106 1148 objecti
1130 1072 1312 1147 referretur,
1337 1075 1436 1148 magis

263 1179 388 1236 dubium
424 1186 480 1236 est.
528 1179 642 1255 Atque,
680 1177 802 1234 etiamsi
838 1180 1064 1252 antiquissimis
1097 1179 1290 1256 temporibus
1319 1181 1435 1238 iteres

262 1305 295 1342 se
330 1285 482 1359 habuerit,
509 1283 763 1342 verisimillimum
788 1288 890 1342 tamen
916 1292 964 1342 est
987 1288 1161 1360 posteriore
1187 1292 1283 1345 aetate
1306 1275 1435 1344 Graecos

263 1390 347 1467 ipsos
383 1390 461 1447 alios
491 1409 566 1447 usus
597 1389 636 1447 ad
661 1390 721 1447 alia
745 1389 937 1465 exemplaria
961 1389 1083 1450 effictos
1109 1393 1241 1450 sensisse
1269 1391 1337 1470 (Otr
1361 1389 1435 1449 Det-⁴

263 1497 358 1555 briick
382 1498 470 1574 Synt.
496 1497 624 1556 Forsch.
650 1497 697 1555 IV
723 1519 783 1575 pag
808 1497 874 1572 46).
923 1497 1012 1568 Quod
1036 1500 1062 1555 si
1086 1518 1192 1556 verum
1217 1505 1274 1574 est,
1293 1503 1435 1575 sequitur

262 1604 434 1680 analogiam
459 1604 490 1660 in
514 1606 653 1680 genitivo
677 1611 747 1680 post
770 1605 899 1662 verbum
922 1603 1075 1662 eliciendo
1099 1607 1161 1663 vim
1185 1606 1344 1665 habuisse.

350 1731 382 1771 α.
429 1711 478 1767 Ab
503 1711 717 1786 antiquissimo
743 1716 879 1786 tempore
904 1710 1054 1768 oriundus
1078 1711 1203 1769 videtur
1226 1713 1253 1769 is
1277 1715 1435 1788 genitivus

261 1837 338 1892 osse,
363 1819 413 1892 qui
438 1825 509 1894 post
532 1819 627 1877 verba
650 1819 803 1878 assiliendi
828 1824 859 1874 et
883 1819 1007 1877 dicundi
1032 1818 1139 1875 eodem
1163 1837 1256 1876 sensu
1278 1821 1435 1877 invenitur

262 1931 354 1998 atque
378 1926 450 2002 περί
473 1946 541 1983 cum
564 1927 709 2001 genitivo,
734 1944 781 1982 ex.
806 1947 852 2002 gr.
879 1925 928 1982 Tr.
952 1926 1034 1981 1122
1058 1931 1121 2005 τῆς
1142 1926 1273 2007 μητρὸς
1295 1928 1366 2007 ἥκω
1382 1934 1436 2008 τῆς

261 2030 339 2110 ἐμῆς
373 2030 517 2109 φράσων,
553 2031 586 2091 ἐν
622 2030 667 2098 οἷς
702 2036 758 2091 νῦν
786 2037 881 2110 κυρεῖ.
928 2031 1077 2088 Fortasse
1101 2031 1152 2088 hic
1175 2031 1331 2106 genitivus
1355 2053 1435 2092 nova

262 2139 451 2213 expugnavit
476 2140 506 2194 in
531 2137 689 2215 exemplis,
716 2138 819 2212 qualia
844 2142 928 2195 sunt:
956 2137 991 2195 Ο.
1011 2137 1044 2194 O.
1064 2140 1126 2195 355
1143 2144 1271 2217 μαντεῖα
1293 2140 1313 2199 ἃ
1336 2137 1432 2208 ,τοῦδ’

261 2241 421 2326 ἐχρήσθη
447 2245 616 2326 σώματος.
646 2244 697 2301 Tr.
725 2245 787 2301 199
805 2264 830 2302 s.
847 2245 960 2306 τοιαῦτ’
980 2244 1098 2323 ἔφραζε
1118 2242 1200 2322 πρὸς
1216 2244 1304 2306 θεῶν
1319 2249 1433 2329 εἱμαρ-

261 2352 348 2430 μένα
371 2356 441 2412 τῶν
460 2345 679 2432 Ἡρακλείων
703 2349 938 2411 ἐκτελεοτᾱσθαι
961 2352 1094 2412 πόνων.
1133 2349 1189 2408 cfr
1206 2372 1274 2426 quae
1289 2351 1352 2427 jam
1370 2353 1434 2410 dixi

261 2476 326 2531 cap.
352 2457 379 2531 Ι,
403 2476 429 2516 Π
454 2480 481 2536 q.
528 2455 591 2515 Cur
625 2457 736 2515 Nauck
770 2458 826 2514 hoo
854 2457 921 2515 loco
956 2459 1127 2533 genitivum
1151 2478 1279 2534 prorsus
1303 2458 1433 2534 rejiciat,

262 2582 321 2619 non
354 2564 452 2622 video.
500 2564 649 2622 Similiter
685 2564 903 2640 explicandum
937 2583 1004 2621 esse
1030 2564 1121 2622 credo
1145 2565 1224 2623 Phil.
1251 2566 1315 2622 859
1341 2564 1434 2626 οἶσθα

187 2667 189 2670 ’
264 2669 334 2749 γάρ,
359 2664 410 2732 ὧν
435 2669 614 2753 catapan
640 2673 711 2747 scis,
738 2671 913 2745 dequibus
937 2665 1031 2729 r⁸ebus
1055 2671 1164 2745 loquar
1180 2667 1217 2747 ¹).

348 2775 382 2860 β.
428 2777 533 2835 Verba
562 2796 647 2837 curoe
675 2785 707 2835 et
730 2779 867 2837 incrtriae
889 2779 1060 2853 genitivum
1084 2784 1205 2853 regunt.
1253 2779 1343 2835 Inter
1368 2777 1435 2835 haec

260 2887 354 2944 verba
389 2878 691 2961 suntsrrpe'aeor‘lui
720 2889 752 2941 et
776 2882 1017 2961 ἐπιστρέφεσθαι
1043 2882 1135 2957 (illud
1160 2902 1208 2941 ex.
1233 2904 1278 2959 gr.
1305 2884 1354 2942 Ai.
1382 2886 1433 2957 99,

261 2993 299 3049 El
323 2993 400 3066 5193
426 2991 483 3048 hoo
507 2989 585 3048 Phil.
613 2991 677 3046 598
700 2988 786 3049 τοῦδ’
813 2988 1067 3068 ἐπεστρέφοντο),
1089 3009 1157 3064 quae
1174 2991 1324 3063 quomodo
1342 2990 1434 3049 talem

259 3099 386 3157 ‘sensum
422 3097 606 3172 acceperint,
643 3094 735 3154 facile
764 3094 952 3170 intelligitur
976 3103 1155 3173 comparata
1178 3117 1326 3172 germana
1351 3085 1435 3155 locu-

352 3237 372 3301 ¹)
401 3237 434 3285 ln
458 3237 511 3284 hoe
535 3238 648 3284 cantico
669 3236 838 3298 erxplicando
858 3237 1049 3299 reputandum
1070 3243 1113 3284 est
1134 3237 1251 3284 chorum
1272 3236 1316 3285 vel
1338 3238 1434 3300 petius

262 3329 413 3376 choreutas
428 3355 459 3360 --
475 3341 541 3373 nam
563 3328 591 3372 in
611 3324 740 3385 singulos
761 3326 944 3388 dispertitum
964 3325 1054 3373 fuisse
1075 3325 1144 3372 mihi
1159 3341 1328 3387 persuasum
1343 3331 1387 3373 est
1401 3354 1432 3360 --

261 3417 414 3464 summissa
443 3431 511 3463 vore
539 3414 649 3462 loeutus
671 3430 742 3478 esse.
762 3430 796 3462 ne
817 3414 1009 3462 Philoctetam
1030 3429 1044 3462 e
1065 3430 1164 3462 somno
1185 3416 1367 3463 suscitarent.
1407 3415 1435 3462 Iu

262 3510 366 3568 autem,
385 3506 433 3567 qui
454 3506 495 3551 ita
515 3503 650 3566 loquitur.
671 3519 746 3565 saepe
767 3505 854 3551 etiam
871 3503 992 3565 abrupte
1009 3509 1037 3550 et
1053 3503 1173 3551 obscure
1188 3502 1322 3566 loquitur.
1354 3503 1436 3562 Quod

262 3594 352 3658 deest,
382 3595 473 3654 signis
503 3591 606 3654 explet.
645 3592 725 3641 Unus
756 3593 893 3640 clroreuta
923 3592 1004 3640 dicit:
1036 3593 1112 3640 “haee
1142 3593 1210 3640 (leus
1230 3593 1351 3640 riderit‘·
1373 3599 1450 3642 oet..'

262 3685 391 3744 cogitans
412 3682 445 3730 de
466 3681 628 3729 Philocteta
648 3682 763 3731 Troiam
784 3681 921 3744 (lucendo,
936 3680 1010 3743 quod
1025 3680 1230 3743 Neoptolemus
1243 3680 1301 3743 jam
1316 3696 1434 3729 necesse

262 3787 323 3820 esse
353 3771 575 3831 significaverat.
614 3771 638 3818 A
668 3786 752 3819 versu
781 3771 831 3817 ele
862 3769 935 3817 alius
965 3771 1079 3832 incipit:
1111 3773 1225 3817 “verum
1253 3769 1325 3817 illud
1349 3785 1434 3833 qumn

262 3863 383 3909 maxime
404 3860 555 3908 considera
574 3860 715 3922 ‹promotlo
736 3858 847 3907 occulte
867 3858 1008 3921 perficias.
1040 3858 1101 3906 Scis
1121 3861 1266 3920 nimirum,
1283 3859 1435 3921 dequibus

262 3950 346 3998 rebus
366 3950 485 3998 <liea111.“
526 3949 641 4008 Cogitat
662 3954 757 3996 autem
778 3949 812 3996 de
833 3963 901 3995 amu
915 3950 1087 4010 sagittisque
1102 3948 1274 3996 avertendis.
1305 3948 1435 4011 Denique

262 4041 364 4086 tertius
394 4040 567 4086 sententiam
596 4036 777 4100 Neoptolemi
806 4042 952 4098 repetens:
985 4038 1023 4083 “si
1047 4022 1131 4084 isitam
1152 4038 1325 4084 sententiam
1346 4036 1435 4084 habes

263 4127 296 4175 (le
324 4128 377 4175 hoe
403 4132 483 4188 (τούτῳ
507 4129 531 4173 is
552 4127 608 4175 dat.
630 4127 660 4173 ot'
679 4125 811 4174 relation.
832 4124 977 4188 nearly:
993 4130 1044 4184 περὶ
1060 4131 1138 4189 τούτου
1158 4124 1244 4185 Jebb)
1266 4127 1282 4174 i.
1304 4141 1327 4174 e.
1348 4127 1371 4172 si
1391 4127 1435 4174 ris

263 4216 450 4264 Philoctetam
473 4215 624 4264 alnlurere.
644 4215 833 4278 prtulentibus
854 4214 922 4262 licet
943 4214 1027 4264 mala.
1047 4230 1110 4277 qius
1131 4216 1228 4262 sartari
1245 4210 1446 4276 nonpossint.¹

263 4306 437 4366 p1·ovidere.“
478 4304 528 4352 Cl'r
548 4304 581 4351 de
602 4306 737 4351 universa
757 4320 787 4351 re
809 4304 872 4352 (thr.
893 4303 970 4351 llutf
990 4304 1041 4351 Die
1063 4303 1218 4351 Charisi-lie
1239 4303 1367 4351 Teelmik
1387 4303 1436 4351 dea

263 4395 417 4458 Sophocles
438 4394 523 4443 'Halle
545 4394 613 4442 1877
633 4411 696 4457 pag.
718 4394 770 4440 ⁸248
789 4410 835 4443 ss..
859 4408 1030 4456 ‹piarnquam
1052 4392 1166 4452 singula
1186 4408 1243 4441 non
1262 4393 1360 4455 probo.
