3210 4912
314 285 354 340 14

266 442 381 519 aliqua,
411 462 479 517 quae
503 441 629 519 majoris
654 448 704 502 est
727 445 883 520 momenti,
908 444 1089 520 plerumque
1114 443 1296 520 subjectum,
1323 445 1360 503 de
1385 466 1440 504 suo

266 550 332 608 loco
356 548 517 625 projicitur
540 555 571 607 et
595 551 627 607 in
651 549 800 609 ambitum
824 549 965 627 primarii
989 553 1140 610 enuntiati
1164 552 1271 611 intrat.
1314 551 1440 610 Gradus

265 676 305 714 ex
328 656 476 734 exemplis
502 661 736 732 cognoscentur.
786 655 821 716 Ο.
844 657 884 716 R.
908 658 971 716 952
988 677 1013 716 s.
1038 656 1149 719 σκόπει
1165 657 1273 719 κλύων
1289 659 1331 719 τὰ
1347 653 1436 741 σέμν’
1485 718 1493 731 ,

264 763 300 823 ἵν’
337 763 406 843 ἥκει
440 765 660 845 μαντεύματα
685 763 842 842 (similiter
866 761 901 822 Ο.
928 762 961 822 O.
990 764 1099 842 1424).
1147 764 1195 824 El.
1223 766 1307 822 1427
1330 756 1437 845 μηκέτ’

265 869 409 949 ἐκφοβοῦ
437 873 602 953 μητρῷον
629 869 676 938 ὥς
699 893 733 931 σε
755 865 832 953 λῆμ’
859 870 1009 950 ἀτιμάσει.
1056 871 1197 930 Tr.·932
1221 891 1246 930 s.
1271 872 1355 951 ἔγνω
1379 870 1439 950 γὰρ

263 976 360 1043 τάλας
382 977 532 1060 τοῦργον
556 976 621 1037 κατ’
647 976 747 1057 ὀργὴν
770 977 816 1045 ὡς
839 977 991 1057 ἰφάιγειεν
1014 975 1104 1040 τόδε.
1151 977 1201 1036 Ai.
1220 979 1283 1036 346
1301 997 1324 1036 s.
1342 1001 1439 1056 προσ-

263 1083 390 1163 βλέπειν
414 1083 513 1154 ἔξεστί
535 1106 583 1144 σοι
606 1082 643 1144 τὰ
666 1083 760 1145 τοῦδε
782 1084 889 1165 πράγη
910 1085 1039 1157 καύτὸς
1055 1084 1101 1152 ὡς
1116 1085 1201 1164 ἔχων
1217 1090 1314 1163 κυρεῖ.
1344 1083 1379 1143 Ο.
1398 1086 1437 1143 R.

269 1191 353 1248 1524
377 1209 418 1247 se.
442 1189 575 1250 λεύσσετ’
616 1187 789 1264 Οἰδίπους
823 1190 887 1270 ὅδε,
916 1193 1043 1262 θς---,
1068 1192 1111 1259 εἰς
1134 1190 1210 1253 ὅσον
1233 1190 1438 1252 κλύδωνα--

264 1294 427 1375 ἐλήλυθεν.
474 1294 616 1355 Necdum
640 1299 811 1374 anticipata
834 1300 919 1356 notio
936 1297 975 1356 de
992 1296 1101 1372 forma,
1119 1317 1209 1372 quam
1226 1298 1256 1355 in
1272 1317 1327 1376 suo
1344 1318 1437 1356 enun-

265 1404 343 1461 tiato
380 1423 448 1462 eam
482 1403 598 1462 habere
632 1410 755 1480 oportet
796 1404 917 1480 dejecta
942 1411 1001 1463 est.
1048 1405 1231 1479 Plerumque
1255 1410 1356 1462 tamen
1382 1406 1439 1462 hoc

264 1508 309 1586 fit,
339 1511 384 1567 ita
413 1516 448 1568 ut
475 1510 659 1569 vocabulum
687 1510 891 1589 anticipatum
915 1511 1009 1568 etiam
1032 1512 1064 1568 in
1089 1516 1277 1568 structuram
1301 1512 1438 1586 primarii

263 1614 419 1675 enuntiati
451 1617 617 1692 inseratur,
646 1617 657 1672 i
685 1635 711 1676 e.
741 1618 930 1681 assimilatio
960 1614 1069 1675 oritur.
1117 1615 1178 1676 Sed
1206 1636 1274 1674 cum
1297 1617 1364 1675 haec
1387 1636 1438 1675 res

265 1724 451 1797 angustiore
482 1742 576 1782 sensu
609 1723 763 1800 prolepsis
792 1724 839 1783 vel
864 1722 1050 1798 anticipatio
1073 1724 1229 1801 praecipue
1254 1722 1437 1800 appelletur,

265 1825 347 1887 infra
375 1850 393 1886 a
416 1829 613 1906 translaticio
638 1851 698 1888 usu
721 1851 781 1888 non
806 1830 959 1890 recedam.
1007 1831 1114 1889 Pauca
1137 1829 1278 1907 exempla
1302 1828 1438 1888 afferam.

179 1944 182 1949 '
264 1935 313 1993 El.
339 1937 403 1994 332
431 1934 501 1996 οἰόα
537 1939 720 2019 κάμαυτὴν
748 1937 793 1998 ὅτι
818 1937 906 2017 ἀλγῶ
930 1937 980 1998 ἰπὶ
1002 1943 1066 2005 τοῖς
1088 1942 1253 2015 παροῦσιν.
1299 1937 1349 1995 ni.
1378 1938 1439 1994 118

264 2041 351 2120 ὁρᾷς,
378 2039 542 2111 Ὀδυσσεῦ,
576 2044 640 2124 τὴν
674 2042 763 2103 θεῶν
800 2045 902 2126 ἰσχὺν
937 2043 1005 2122 ὅση.
1053 2043 1133 2100 Phil.
1172 2044 1234 2100 549
1265 2063 1289 2100 s.
1315 2044 1438 2122 ἥκουσα

263 2148 349 2218 τοὺς
370 2149 502 2218 ναύτας
524 2147 569 2208 ὅτι
594 2148 642 2209 σοὶ
665 2149 779 2216 πάντες
802 2147 862 2209 εἷεν
886 2147 1235 2228 σύννεναύστοληκύτες.
1271 2149 1322 2207 Tr.
1349 2150 1389 2205 98
1412 2168 1437 2205 s.

263 2259 356 2314 τοῦτο
379 2255 514 2332 καρῦξαι
537 2254 598 2315 τὸν
617 2254 796 2334 Ἀλκμήνας
819 2254 898 2315 πόθι.
920 2277 976 2334 μοι
999 2253 1077 2315 πόθι
1093 2261 1177 2327 παῖς
1193 2255 1278 2324 ναίει,
1296 2254 1348 2311 ubi
1365 2273 1438 2329 quo-

264 2359 426 2418 dammodo
463 2359 578 2436 duplex
614 2362 797 2437 anticipatio
833 2367 892 2438 est,
929 2359 1082 2437 siquidem
1116 2365 1208 2421 τοῦτο
1242 2359 1438 2437 subjunctum

264 2467 459 2524 enuntiatum
483 2475 689 2546 praeoocupat.
739 2468 789 2528 Tr.
816 2469 877 2526 297
912 2468 1038 2548 ταρβεῖν
1071 2468 1132 2529 τὸν
1165 2461 1206 2529 εὖ
1238 2470 1440 2549 πράσσοντα

264 2571 312 2652 μὴ
337 2568 549 2653 σφαλῇποτε.
699 2655 701 2659 Ι

353 2679 413 2738 His
447 2682 479 2738 in
506 2682 654 2758 exemplis
678 2681 809 2758 trajecta
833 2683 917 2741 notio
941 2683 973 2739 in
997 2680 1162 2757 subjuncto
1187 2682 1348 2739 enuntiato
1373 2682 1440 2741 sub·

264 2787 378 2859 icctctm
414 2795 471 2846 est.
519 2789 608 2860 Quod
645 2772 704 2848 etsi
740 2788 834 2848 multo
871 2788 1110 2846 usitatissimum
1146 2772 1210 2863 est,¹
1238 2787 1332 2846 etiam
1360 2787 1440 2845 alias

264 2894 419 2970 prolepsis
454 2896 622 2970 invenitur,
656 2893 983 2955 santanae-1011.
1011 2896 1072 2954 767
1098 2914 1122 2953 e.
1148 2893 1263 2955 θὲθοινί
1289 2893 1439 2974 ἐμαυτὸν

263 2999 309 3080 μὴ
343 3001 493 3080 εἰρημένα
517 2999 537 3081 ᾖ
560 3023 638 3084 μοις
673 3022 860 3076 quamquam
882 3002 932 3060 hic
956 3001 1043 3061 locus
1066 3001 1170 3060 facilis
1194 3000 1354 3058 intellectu
1379 3005 1437 3071 est,

263 3105 412 3181 quoniam
436 3108 586 3188 εἰρημένα
610 3106 630 3189 ᾖ
653 3130 708 3188 μοι
732 3107 816 3166 idem
839 3108 924 3166 valet
949 3111 1041 3183 atque
1066 3107 1203 3188 εἰρηκὼς
1219 3103 1256 3167 ὠ.
1282 3142 1322 3149 -
1341 3109 1439 3164 Accu-
1498 3176 1500 3181 Ι

265 3216 384 3274 serious
409 3216 533 3273 etiamsi
550 3221 621 3274 ante
644 3234 730 3273 suum
757 3213 950 3273 enuntiatum
973 3216 1095 3291 positus
1120 3219 1177 3289 est,
1203 3231 1286 3288 saepe
1311 3210 1438 3269 difficile

262 3326 313 3378 est
338 3320 523 3398 dijudicare,
549 3328 617 3379 utro
642 3323 736 3380 verbo
761 3342 828 3381 eum
853 3320 921 3398 regi
944 3321 1116 3396 putandum
1141 3319 1192 3393 sit,
1218 3339 1266 3377 ex.
1286 3338 1332 3394 gr.
1358 3317 1437 3375 Phil.

266 3428 329 3484 249
366 3427 404 3488 ού
438 3427 498 3508 γὰρ
523 3424 617 3490 οἶσθά
640 3428 673 3510 μ’
698 3428 788 3489 ὅντιν’
814 3429 946 3509 εἰσορᾷς.
995 3427 1046 3486 Tr.
1072 3427 1136 3484 628
1160 3445 1185 3483 s.
1209 3423 1246 3484 τὰ
1269 3430 1324 3504 τῆς
1348 3425 1440 3505 ξένης

265 3533 353 3612 ὁρῶν
385 3534 627 3614 προσφθέγματ’
653 3537 763 3616 αὐτήν
786 3534 820 3594 θ’
847 3534 893 3601 ὡς
917 3533 1082 3612 ἐδεξάμην.
1129 3530 1246 3615 Confer
1269 3530 1349 3589 Phil.
1376 3532 1438 3590 676

264 3660 308 3699 ss.
336 3641 371 3699 Ο.
397 3641 437 3700 R.
463 3643 526 3699 947
551 3661 575 3700 s.
623 3641 699 3699 Mihi
726 3640 851 3715 quidem
874 3658 1057 3716 persuasum
1081 3646 1130 3697 est
1153 3639 1202 3696 his
1225 3638 1303 3697 loeis
1321 3645 1353 3696 et
1369 3638 1439 3696 aliis

266 3746 414 3823 ejusmodi
448 3767 568 3824 graecos
604 3749 817 3806 accusativum
847 3767 915 3805 cum
939 3751 1068 3819 utroque
1092 3747 1185 3804 verbo
1207 3744 1347 3821 junctum
1371 3764 1439 3802 sen-

263 3856 353 3913 sisse.
380 3855 462 3912 Alia
486 3854 624 3932 exempla
648 3855 723 3913 talis
747 3857 778 3913 in
794 3853 894 3912 medio
911 3852 1075 3930 positionis
1092 3854 1294 3912 inveniuntur
1312 3851 1437 3926 Gampb.

265 3962 334 4020 Ess
359 3981 397 4018 on
421 3961 474 4019 the
500 3961 597 4038 Lang.
622 3982 692 4039 pag.
719 3962 760 4020 67
785 3960 832 4019 α’
858 3960 1002 4018 Ceterum
1021 3949 1134 4019 'veram
1158 3964 1276 4037 partem
1300 3957 1438 4033 primarii

262 4067 418 4127 enuntiati
452 4069 662 4126 accusativum
686 4087 914 4141 nonnumquam
937 4065 1055 4125 factum
1079 4085 1148 4124 esse
1173 4063 1312 4140 exempla
1337 4063 1439 4121 decla-

265 4182 345 4249 rant,
370 4174 461 4248 quale
486 4181 536 4232 est
560 4174 651 4232 Hom.
678 4173 735 4233 Od.
753 4174 805 4231 ΠΙ
825 4175 864 4231 15
888 4172 1004 4234 πόντον
1029 4171 1182 4241 ἐπέπλως,
1207 4170 1294 4250 ὄφρα
1316 4169 1440 4249 πύθηαι

265 4282 396 4364 πατρὸς
419 4281 502 4341 ὅπου
526 4280 609 4342 κύθε
633 4286 704 4360 γαῖα
731 4280 844 4359 (Krtig.
870 4280 956 4338 Poet.
984 4279 1071 4355 Synt.
1090 4279 1142 4353 61,
1161 4280 1190 4353 6,
1208 4277 1253 4355 4).
1290 4277 1440 4336 Similiter

265 4390 407 4446 neutrius
441 4386 565 4462 generis
598 4387 749 4446 vocabula
782 4392 884 4445 utrum
907 4388 939 4443 in
963 4386 1150 4444 nominativo
1176 4403 1245 4442 esse
1269 4383 1439 4460 putandum
