3210 4912
354 263 397 319 80

308 422 400 502 μήτοι
433 422 468 501 μ’
501 416 669 503 ἀτιμάσῃς
690 417 724 480 τὸ
747 418 792 499 μὴ
817 419 853 481 οὐ
882 418 989 480 δονεῖν
1012 442 1043 479 τε
1067 418 1123 480 σὺν
1147 419 1194 482 ooi
1210 459 1223 468 -
1241 459 1254 468 -
1273 459 1285 468 -
1305 421 1481 497 (utrobique

311 526 496 605 impediendi
520 525 607 585 notio
632 526 765 602 subest).

400 633 460 692 Sed
495 653 555 691 non
591 633 680 692 modo
716 634 831 707 verbio,
857 631 910 690 sed
935 633 1026 691 etiam
1051 632 1125 691 totis
1150 635 1312 692 sententiis
1336 652 1373 693 ea
1396 637 1481 694 notio

311 741 465 799 interdum
490 743 580 809 inest,
606 747 640 798 ut
663 739 835 798 infinitivus
859 746 1016 814 sequatur.
1053 741 1142 798 Siout
1166 739 1240 798 Ant.
1267 743 1308 799 63
1333 761 1356 800 a.
1375 715 1482 824 ἀρχό-

310 843 414 930 μεσθ’
441 849 481 910 ἐκ
504 849 720 927 κρεισσόνων
743 845 796 907 καὶ
819 846 902 906 ταῦτ’
929 845 1062 923 ἀκούειν,
1088 846 1258 905 infinitivus
1283 847 1412 924 eogendi
1429 869 1481 907 no-

313 958 396 1014 tione
408 955 536 1013 vooibus
548 953 723 1034 ‹ipjdjarod'
738 953 774 1014 ἐκ
787 952 980 1030 κρεισσόνων
993 952 1153 1030 implicata
1165 956 1293 1031 regitur,
1302 959 1339 1013 et
1356 952 1403 1013 El.
1419 957 1481 1013 902

311 1082 352 1121 ss.
367 1063 508 1143 ἐμπαίει
525 1063 559 1121 τί
571 1079 642 1141 μου
655 1066 757 1142 ψυχῇ
772 1055 928 1141 σύνηθες
941 1059 1072 1140 duaa„—
1087 1099 1100 1107 -
1115 1060 1283 1140 -Ὀρέσιοο
1299 1062 1388 1123 τοῦδ’
1404 1061 1483 1142 ὁρᾶν

310 1168 479 1248 τεκμήριον
502 1165 675 1225 infinitivus
700 1166 874 1241 adhibetur,
900 1167 987 1241 quasi
1013 1168 1137 1225 verbum
1161 1166 1256 1238 ἔδοξα
1276 1168 1478 1244 precesserit.

316 1274 370 1334 Ofr
387 1273 499 1348 fragm.
517 1274 579 1331 178
591 1272 645 1333 καὶ
662 1271 721 1351 γὰρ
738 1270 902 1352 χαρακτὴρ
914 1271 1008 1339 αὐτὸς
1020 1272 1053 1333 ἐν
1066 1270 1190 1354 γλώσσῃ
1207 1277 1241 1335 τί
1250 1295 1293 1356 με
1304 1293 1480 1358 προσηγο-

311 1389 371 1465 ρεῖ
392 1380 549 1459 (Campb.)
574 1378 734 1447 Λάκωνος
762 1378 923 1458 όσμᾶσδαι
946 1379 1042 1458 λόγου
1067 1367 1132 1459 (μοὶ
1156 1379 1245 1442 δοκεῖ
1265 1381 1297 1441 ἐν
1320 1388 1365 1460 τῷ
1387 1403 1482 1458 προσ-

314 1493 459 1569 ηγορεῖν).
494 1487 628 1545 Diversa
650 1487 730 1544 ratio
755 1494 803 1544 est
821 1485 868 1544 El.
895 1487 956 1544 103
985 1506 1024 1544 ss.
1048 1485 1085 1547 οὐ
1112 1485 1200 1566 λήξω
1230 1486 1362 1567 δρήνων
1379 1509 1483 1566 στυγε-

313 1600 381 1674 ρῶν
396 1617 427 1656 τε
444 1593 530 1674 γόων
547 1633 559 1644 -
578 1633 591 1642 -
610 1632 623 1642 -
639 1592 683 1674 μὴ
701 1593 738 1655 οὐ
756 1631 769 1641 -
788 1631 801 1641 -
819 1631 832 1641 -
849 1592 919 1673 ἠχὼ
934 1597 1009 1654 πᾶσι
1024 1598 1214 1672 προφωνεῖν.
1250 1594 1330 1652 Nam
1347 1593 1404 1651 hoo
1416 1594 1480 1652 looo

314 1700 488 1759 infinitivus
523 1721 561 1759 ex
597 1699 662 1777 ipso
691 1701 784 1757 verbo
809 1697 895 1778 λήξω
919 1699 1040 1776 pendet,
1065 1699 1146 1774 quod
1170 1706 1317 1773 negatum
1343 1700 1485 1777 analogia

314 1809 400 1866 verbi
425 1806 597 1887 ἀπέχεσθαι
622 1807 688 1864 sim.
714 1807 795 1864 siout
819 1805 987 1880 aliquando
1012 1807 1105 1864 etium
1125 1805 1284 1867 παόεσδαι
1301 1827 1369 1864 oum
1384 1805 1429 1887 μὴ
1447 1806 1485 1867 οὐ

314 1922 346 1974 et
374 1914 526 1974 infinitivo
548 1913 688 1990 junctum
712 1920 768 1971 est.
817 1911 1049 1971 Confereudum
1073 1919 1121 1970 est
1146 1912 1243 1972 Arist.
1269 1913 1347 1972 Aah.
1373 1915 1437 1972 319
1462 1913 1490 1974 τί

314 2021 512 2102 (φειδόμεσθα
547 2026 611 2081 τῶν
646 2019 748 2080 λίδων
766 2058 778 2067 -
797 2058 810 2067 -
826 2018 871 2099 μὴ
901 2019 937 2081 od
961 2020 1155 2090 καταξαίνειν
1178 2019 1231 2081 τὸν
1256 2019 1356 2099 ἄνδρα
1379 2025 1489 2083 τοῦτον

315 2129 346 2196 ές
370 2127 543 2209 φοινικίδας
561 2128 690 2203 ,Genera
715 2127 851 2185 vidimus
875 2146 974 2201 neque
992 2126 1112 2200 longior
1129 2129 1319 2185 enumeratio
1337 2127 1488 2186 adullam

316 2256 379 2294 rem
404 2235 491 2293 utilis
514 2240 572 2294 est.

402 2363 433 2424 γ.
479 2341 555 2399 Post
592 2338 758 2425 adjectiva,
794 2359 863 2414 quae
901 2338 1092 2414 facultatem,
1129 2341 1393 2417 opportunitatem
1427 2348 1484 2401 eet.

315 2448 502 2524 algniiioant,
516 2436 699 2505 vinfinitivus
724 2447 873 2521 sequitur.
912 2446 1030 2516 Quibus
1052 2445 1215 2522 adjectivis
1233 2446 1379 2506 similiter
1395 2449 1488 2507 etiam

316 2551 392 2629 οἶος
416 2562 447 2613 et
471 2556 554 2628 δ’σος
569 2573 796 2630 nonnumquam
814 2574 882 2611 oum
900 2553 1051 2612 infinitivo
1070 2554 1254 2631 junguntur,
1272 2554 1391 2615 scilieet
1406 2554 1487 2631 ideo,

316 2663 399 2738 quod
431 2661 511 2721 idem
540 2667 631 2736 atque
655 2657 812 2740 δυνατός,
841 2663 1013 2743 ἀποχρῶν
1036 2660 1152 2720 valent.
1199 2661 1243 2719 Ut
1272 2662 1329 2720 hoc
1353 2661 1486 2749 credam,

318 2772 445 2829 maxime
475 2770 514 2827 iis
543 2767 692 2844 exemplis
722 2767 868 2841 adducor,
899 2788 967 2842 quae
992 2767 1123 2826 Kiihner
1147 2768 1182 2825 Π
1208 2771 1281 2842 585,
1309 2772 1326 2827 5
1352 2767 1443 2828 A'nm.
1469 2771 1488 2826 2

318 2875 433 2951 laudat,
459 2896 474 2933 ε
499 2875 613 2948 quibus
638 2894 732 2931 unum
757 2872 892 2945 afferam,
918 2873 1012 2931 Thur.
1039 2873 1086 2931 VI
1113 2876 1162 2948 12,
1182 2877 1200 2931 2
1218 2876 1386 2954 νομίσατε.
1401 2915 1414 2923 .
1429 2874 1490 2936 ,τὸ

317 2988 448 3061 πρᾶγμα
482 2981 564 3061 μέγα
593 2979 668 3041 εἶναι
696 2979 748 3041 καὶ
771 2978 816 3059 μὴ
842 2975 920 3041 οἷον
943 2983 1103 3064 νεωτέρῳ
1126 2981 1361 3061 βουλεύσασθαί
1382 3005 1414 3043 τε
1437 2981 1492 3043 καὶ

318 3090 418 3160 ὀξέως
452 3088 669 3168 μεταχειρίσαι.
717 3079 796 3145 Nam
831 3088 857 3145 si
893 3085 957 3149 οἷον
981 3087 1019 3146 ad
1044 3087 1190 3164 adjectivi
1215 3089 1385 3168 ἐπιτήδειος
1408 3091 1490 3148 simi-

319 3196 481 3254 litudinem
505 3200 686 3271 usurpatum
711 3201 864 3271 putamus,
890 3214 950 3252 non
974 3194 1062 3252 modo
1087 3194 1257 3252 infinitivus
1282 3194 1429 3253 facillime
1445 3194 1488 3253 in·

320 3302 482 3379 telligitur,
507 3301 562 3360 sed
597 3301 689 3359 etiam
714 3300 839 3359 dativus
865 3301 1019 3378 νεωτέρῳ,
1045 3303 1097 3375 qui
1122 3301 1181 3358 alio
1206 3299 1295 3357 modo
1321 3303 1371 3360 vix
1396 3302 1492 3377 expli-

321 3411 385 3467 oari
420 3414 533 3485 potest.
580 3408 688 3482 Neque
723 3409 801 3465 satis
837 3427 938 3466 oausae
974 3427 1042 3465 esse
1078 3406 1230 3482 existImo,
1261 3426 1316 3465 our
1344 3409 1396 3466 illo
1425 3408 1491 3467 iooo

321 3515 450 3574 Classen
475 3515 645 3593 νεωτέρους
675 3514 825 3576 emendet.
885 3514 1099 3590 Comparonda
1132 3515 1213 3571 enim
1249 3522 1299 3574 est
1332 3535 1392 3575 vox
1426 3515 1493 3583 οἷός

321 3647 360 3692 τε,
396 3643 474 3697 (pur,
511 3631 545 3680 ut
579 3624 704 3695 seimus,
740 3624 771 3679 in
811 3623 908 3679 uttiea
948 3621 1083 3690 dialecto
1123 3642 1251 3699 prorsus
1290 3624 1322 3679 in
1362 3622 1492 3680 nummii-

322 3751 389 3788 nem
426 3728 648 3805 adjectivorum
682 3743 825 3786 naturam
854 3728 989 3785 transiit.
1037 3727 1118 3786 Nam
1152 3749 1169 3786 a
1201 3730 1352 3805 principio
1381 3749 1492 3806 prono-

322 3857 388 3894 men
425 3837 589 3896 relativum
624 3844 682 3910 est,
708 3855 808 3910 noque
843 3834 998 3910 particula
1021 3856 1056 3896 τε
1081 3835 1189 3892 addita
1213 3857 1249 3894 ea
1272 3855 1320 3894 res
1344 3842 1492 3894 mutatur.

323 3945 364 4003 m
399 3965 465 4002 oum
502 3944 562 4001 diei
599 3951 705 4019 posset
740 3961 786 4000 ex.
823 3961 869 4016 gr.
906 3940 965 4020 οὔχ
1001 3940 1067 4002 οἶόν
1095 3942 1121 4001 τ’
1153 3940 1189 4022 ἢν
1225 3942 1312 4020 αὐτῷ
1347 3944 1495 4022 σωδῆναι

325 4052 467 4127 (Antiph.
493 4051 509 4107 I
535 4051 579 4127 8),
606 4049 712 4124 quidni
742 4048 837 4107 etiam
864 4047 899 4109 τὸ
923 4053 1055 4128 πρᾶγμα
1080 4049 1139 4129 οδχ
1163 4048 1228 4109 οἷον
1252 4049 1340 4128 αὐτῷ
1362 4048 1494 4130 βουλεύ-

323 4160 457 4219 aroniim?
504 4159 545 4216 Et
580 4163 614 4215 ut
648 4156 713 4223 οἷός
747 4180 787 4227 τε,
824 4157 919 4214 etiam
947 4156 1100 4231 simplicia
1124 4155 1188 4220 οἷος
1213 4162 1244 4212 ot
1268 4155 1350 4224 ὅσος,
1376 4159 1401 4214 si
1427 4177 1492 4215 eum

325 4266 475 4323 infinitivo
506 4265 689 4341 junguntur,
725 4264 755 4320 in
792 4263 937 4322 correlati
974 4283 1046 4320 casu
1075 4268 1228 4338 ponuntur
1264 4261 1332 4339 (dfr
1362 4263 1433 4342 ὥρα
1457 4262 1496 4344 ἦν

325 4373 383 4432 οἵα
418 4371 525 4450 ἄρδειν
553 4369 587 4430 vd
616 4371 721 4431 πεδίον
744 4371 823 4428 Xen.
849 4368 936 4446 An),
961 4370 1042 4426 unde
1068 4371 1098 4426 ni
1123 4368 1216 4427 fallor
1241 4370 1345 4428 eluoot
1368 4370 1496 4428 Graeeos
