3210 4912
1263 271 1304 342 49

172 428 224 485 Αἰ.
251 429 340 505 584).
388 427 538 485 Similiter
563 427 655 487 credo
680 428 716 486 Ο.
742 429 782 486 R.
809 429 872 485 475
897 426 950 489 τὸν
973 428 1074 508 ἄνδρα
1101 431 1269 512 exactem
1296 430 1348 488 Αἰ.

177 536 239 616 164
262 530 421 616 θορυβεῖ
440 565 469 582 =
492 534 666 592 maledictis
689 537 820 610 peteris3
854 534 935 593 Phil.
961 537 1025 594 465
1050 535 1150 597 πλοῦν
1173 536 1248 616 ἡμῖν
1269 538 1348 619 einp

175 647 225 718 l:
246 640 334 719 διδῷ,
359 647 510 721 συγχωρῇ
535 641 708 716 Schneid.);
733 642 782 700 Αἰ,
804 643 887 700 1077
905 642 966 702 κᾶν
983 647 1084 723 σῶμα
1099 645 1250 725 γεννήσῃ
1267 643 1348 722 μέγα

176 745 237 825 (cfr
260 747 351 826 φύειν
375 747 514 817 ὀδόντας,
538 748 660 827 φρένας
684 750 767 824 cet).
815 749 896 806 Item
920 755 1110 806 structuram
1133 750 1227 807 credo
1244 750 1347 825 expla-

173 854 308 912 nandam
336 874 405 913 esse
435 853 471 912 Ο.
496 854 536 912 R.
565 855 650 913 1297
675 874 716 913 ss.
743 851 771 915 ὦ
795 853 899 916 δεινὸν
922 854 998 915 ἰδεῖν
1021 855 1127 923 πιάδος
1150 856 1348 934 ἀνθρώποις,

173 957 202 1021 ιδ
226 960 401 1022 δεινότατον
424 960 553 1021 πάντων
578 956 630 1022 δ’σ’
658 961 722 1040 ἐγὼ
746 964 982 1043 προσέιιυρσα,
1011 963 1037 1019 si
1063 963 1188 1037 quidem
1212 962 1281 1021 lieri
1297 964 1348 1021 vix

173 1073 288 1144 potest,
314 1068 388 1142 quin
414 1067 453 1135 ad
476 1067 607 1129 πάντων
631 1069 862 1127 substantivum
885 1068 1004 1129 ποδῶν
1029 1070 1222 1146 suppleatur.
1261 1069 1348 1128 00111-

173 1174 347 1251 parandum
382 1181 430 1232 est
467 1175 541 1233 Ant.
581 1176 643 1233 778
677 1171 832 1248 τεύξεται
859 1175 898 1237 τὸ
926 1175 972 1255 μὴ
997 1175 1114 1236 δονεῖν.
1162 1177 1241 1234 item
1266 1175 1347 1234 Phil.

115 1293 118 1298 ’
174 1282 239 1338 508
268 1301 292 1339 s.
321 1279 449 1342 πολλῶν
478 1280 580 1352 ἔλεξεν
608 1281 781 1344 δοσοίσιων
804 1281 915 1342 πόνων
939 1279 1012 1342 fall
1039 1285 1127 1344 ὅσσα
1150 1271 1262 1363 μηδεὶς
1284 1287 1349 1343 τῶν

173 1387 262 1466 &puin
284 1389 387 1470 τύχοι
410 1386 528 1466 φίλωνε
554 1387 692 1463 Seyffert
716 1387 808 1445 dicit:
837 1389 1001 1468 ιιταγγαλνα)
1025 1409 1083 1447 non
1101 1389 1192 1448 aliter
1204 1389 1350 1466 jungitur

174 1514 243 1552 curn
279 1492 469 1567 accusative,
503 1492 567 1552 nisi
602 1493 787 1568 significatio
816 1495 924 1552 subest
949 1495 1156 1569 consequendi
1180 1495 1230 1553 vel
1254 1497 1348 1572 impe-

175 1599 310 1658 trandi.“
359 1599 506 1673 Plerique
541 1599 753 1658 Herwerdeno
790 1606 917 1658 auctore
952 1596 1057 1684 λάχοι
1086 1573 1237 1675 scribunt,
1267 1602 1349 1676 quod

174 1706 249 1764 mihi
273 1707 398 1781 quidem
422 1706 552 1764 dubium
577 1706 710 1765 videtur.
748 1707 793 1763 At
815 1708 939 1782 singula
962 1710 1057 1765 verba
1073 1728 1133 1765 non
1151 1709 1347 1767 enumerabo.

175 1813 237 1872 Sed
262 1813 381 1872 classes
405 1813 545 1888 quaedam
572 1814 736 1872 verborum
760 1820 841 1887 sunt,
866 1816 896 1871 in
915 1816 1028 1889 quibus
1046 1815 1190 1889 analogia
1205 1835 1348 1891 magnam

173 1921 234 1977 vim
258 1920 405 1979 habuisse
428 1919 565 1979 videtur.
799 1910 802 1916 ’
927 1895 933 1902 ’

263 2027 300 2084 In
330 2027 379 2085 hie
404 2033 477 2085 sunt
500 2027 599 2086 multa
621 2029 729 2103 verba,
755 2048 824 2102 quae
848 2031 1009 2088 lnelurndt‘
1034 2035 1066 2086 et
1090 2031 1227 2088 erllsnull
1251 2030 1348 2086 notio-

173 2152 229 2191 nes
266 2133 434 2207 continent,
471 2134 577 2208 qualia
606 2140 692 2192 sunt:
717 2130 983 2217 ἐκπλήσσεσθαι
1008 2135 1070 2213 (Αἰ.
1098 2137 1149 2206 33,
1175 2136 1224 2193 El.
1254 2137 1347 2209 1045,

173 2240 253 2297 Phil.
280 2241 369 2316 226),
406 2240 452 2300 νῖν
485 2238 626 2323 ἐξέστην
660 2240 725 2319 (Al.
751 2242 820 2318 82),
845 2242 890 2321 μή
914 2242 950 2320 μ’
976 2244 1211 2324 Ιἀποστραφῇς
1236 2240 1285 2319 (Ο.
1312 2241 1346 2300 0.

178 2346 287 2423 1272),
310 2345 345 2406 τὸ
369 2345 426 2406 σδν
450 2347 541 2426 δ’)ιγια
566 2344 724 2430 ἀπέδραν
749 2348 812 2423 (Ai.
842 2349 928 2423 167).

264 2452 342 2509 'Puni
366 2454 459 2511 verba
483 2455 630 2527 νἀραιιιλλ.
666 2453 817 2529 Exempla
842 2463 914 2511 sunt
936 2451 1098 2536 λιπαρεῖν
1111 2454 1161 2530 (Ο.
1178 2454 1217 2512 R.
1239 2453 1347 2531 1435),

175 2561 401 2640 προσπίτνειν
425 2559 516 2637 (Phil.
543 2559 630 2635 485),
656 2557 829 2634 ἀντιάζειν
853 2561 916 2638 (Al.
943 2562 1017 2634 492,
1044 2560 1079 2618 Ο.
1106 2561 1145 2617 R.
1167 2562 1252 2638 190),
1278 2563 1292 2621 l
1336 2595 1349 2607 -

173 2667 286 2727 νεύειν
309 2666 359 2744 (0.
384 2666 423 2722 R.
449 2665 514 2743 41).

263 2771 385 2830 Deinde
421 2774 516 2830 verbe
551 2793 620 2848 quae
656 2771 835 2847 significant
859 2776 1067 2849 terrefacere,
1092 2775 1165 2832 tenc
1190 2775 1292 2832 dicero
1317 2784 1349 2831 et

175 2881 340 2937 contraria.
389 2880 427 2937 In
463 2879 513 2938 his
548 2881 654 2938 verbis
689 2880 822 2938 Kiihner
857 2881 906 2959 (ΙΙ
935 2882 1010 2955 411,
1041 2879 1073 2956 5)
1110 2879 1146 2938 de
1183 2879 1347 2938 coalitione

174 2985 332 3045 notionum
356 2991 440 3044 recte
465 2987 551 3045 dicit.
588 2987 693 3046 Series
718 2987 810 3046 credo
835 2986 1009 3071 hujusmodi
1033 2986 1097 3046 fere
1121 2996 1181 3046 est:
1211 2988 1241 3063 1)
1262 2988 1348 3067 ὠφε-

173 3091 235 3153 λεῖν
255 3115 329 3162 τινα,
346 3092 492 3172 βλάπτειν
507 3094 582 3168 τινά,
609 3096 641 3170 2)
658 3094 833 3174 εὐεργετεῖν,
850 3100 1040 3173 κακουργεῖν
1055 3117 1120 3155 τινα
1139 3130 1169 3137 -
1189 3091 1224 3154 εὖ
1240 3099 1348 3163 ποιεῖν,

174 3204 285 3266 κακῶς
312 3205 410 3260 ποιεῖν
436 3223 511 3270 τινα,
538 3200 570 3278 3)
594 3200 702 3279 ἀγαθὰ
726 3206 832 3270 ποιεῖν,
857 3200 942 3261 κακὰ
965 3207 1064 3261 ποιεῖν
1087 3223 1161 3261 τινα.
1194 3200 1242 3259 .Si
1266 3200 1348 3257 Kro-

173 3326 249 3382 gero
273 3307 401 3364 credere
424 3307 499 3364 licet
523 3308 620 3386 (Poet.
647 3307 677 3365 S.
703 3307 866 3384 46,8,1),
889 3309 1095 3384 proximorum
1110 3327 1256 3382 generum
1274 3307 1349 3365 duo-

174 3433 241 3470 rum
277 3412 359 3490 apud
395 3412 565 3471 Homerum
597 3416 744 3491 pauciora
778 3414 918 3491 exempla
948 3415 1155 3471 inveniuntur.
1205 3412 1350 3471 Ceterum

173 3518 263 3594 hujus
287 3525 350 3577 tam
374 3519 473 3577 solitae
497 3526 664 3578 structurae
689 3540 783 3577 unum
806 3526 924 3577 tantum
942 3519 1111 3595 exemplum
1128 3518 1281 3595 proferam
1297 3519 1347 3578 Ai.

175 3627 213 3682 21
241 3644 264 3683 s.
289 3626 382 3706 ἡμᾶς
404 3629 540 3708 πρᾶγος
563 3627 724 3687 ἄσκοπον
747 3626 809 3705 ἔχει
832 3628 996 3707 περόνας.

262 3753 292 3815 γ.
340 3732 398 3790 Sed
436 3732 530 3790 etiam
565 3740 636 3808 post
666 3733 745 3791 alies
773 3732 945 3791 locutiones
970 3751 1006 3788 ex
1030 3734 1124 3790 verbo
1150 3737 1181 3790 et
1205 3734 1349 3790 substan-

174 3838 238 3897 tivo
275 3840 463 3914 compositas
488 3841 686 3897 accusativus
712 3841 834 3897 externi
858 3838 970 3912 objecti
994 3840 1146 3913 sequitur.
1195 3837 1257 3896 Sed
1281 3858 1349 3895 oum

173 3945 270 4003 multo
305 3945 443 4004 rariores
467 3946 513 4002 hee
539 3950 705 4004 structurae
730 3948 803 4020 sint,
828 3945 920 4022 paulo
945 3946 1101 4023 copiosius
1126 3944 1162 4002 de
1186 3943 1226 4001 iis
1250 3943 1349 4002 disse-

71 4112 73 4117 ,
174 4073 248 4110 ram.
305 4053 408 4110 Primo
445 4052 588 4129 exempla
624 4053 727 4126 alique
764 4072 909 4129 promam,
943 4051 975 4109 in
1006 4053 1118 4126 quihus
1149 4052 1269 4109 incerta
1300 4069 1349 4108 res

172 4158 307 4217 videtur.

264 4264 299 4324 O.
316 4265 349 4323 O.
365 4268 428 4323 223
443 4263 523 4338 δέος
535 4267 647 4349 ἴσχετε
662 4264 765 4346 μηδὲν
778 4261 830 4326 ὅσ’
847 4265 938 4326 αὐδῶ
950 4296 980 4312 --
991 4264 1036 4344 μν)
1055 4264 1172 4344 δείσητε
1184 4264 1232 4324 ὅσ’
1247 4263 1348 4325 αὐδῶ.

173 4371 213 4429 Η.
239 4371 258 4429 l.
284 4376 442 4430 structura
467 4371 610 4446 legitima
633 4370 677 4446 fit,
703 4373 730 4429 si
748 4373 941 4430 enuntiatum
958 4372 1122 4430 relativum
1139 4391 1193 4447 pro
1209 4369 1348 4446 genitivo
