3210 4912
307 281 325 336 2

261 439 432 515 Praeterea,
463 440 489 497 si
522 440 591 513 quis
619 440 651 496 in
680 441 872 514 syntacticas
901 440 1048 515 rationes,
1073 457 1142 514 quae
1167 439 1198 496 in
1222 439 1306 497 illius
1332 441 1434 498 aetatis

261 562 361 621 literis
386 567 559 637 servantur,
588 563 744 638 inquirere
768 562 856 638 velit,
883 564 910 621 ei
935 568 1006 621 ante
1031 564 1132 621 omnia
1155 564 1361 641 reputandum
1385 572 1434 622 est

261 691 358 745 artem
394 686 600 762 syntecticam
636 687 769 745 nondum
804 685 912 762 fuisse,
947 706 1038 762 quam
1062 692 1239 764 spectantes
1263 687 1433 764 scriptores
1506 738 1509 743 .

260 812 354 868 verba
389 809 620 886 conjungerent.
667 809 729 868 Sed
757 809 796 868 ad
822 811 942 868 aurium
967 823 1092 868 sensum
1116 812 1217 869 omnia
1241 809 1431 878 referebant;

260 936 376 1010 itaque,
412 953 473 1008 quo
509 932 645 1009 quidque
680 933 838 1011 pulchrius
875 938 928 991 aut
960 936 1087 1007 gravius
1111 936 1251 1012 sonabat,
1276 955 1312 994 eo
1335 937 1434 1012 magis

260 1059 414 1136 placebat.
462 1058 551 1116 Unde
576 1057 678 1132 fiebat,
704 1063 739 1115 ut
762 1058 890 1116 liberior
906 1063 937 1117 et
953 1058 1052 1117 laxior
1068 1059 1224 1117 scribendi
1241 1061 1320 1118 ratio
1338 1066 1431 1133 esset,

260 1161 358 1257 quam¹
386 1203 452 1258 nos,
489 1182 541 1257 qui
570 1202 588 1240 a
615 1182 755 1258 parvulis
790 1184 1000 1256 grammaticae
1035 1183 1153 1259 regulis
1189 1183 1300 1242 imbuti
1324 1182 1430 1258 simus,

261 1308 399 1380 cogitare
434 1325 608 1381 possumus.
656 1285 698 1363 Et
733 1325 792 1380 quo
828 1308 898 1380 quis
933 1306 1054 1380 legibus
1087 1307 1217 1365 solutior
1245 1308 1366 1381 scribit,
1396 1327 1431 1366 eo

259 1429 382 1488 facilius
416 1432 496 1488 inter
529 1429 690 1503 vocabula,
720 1429 901 1496 locutiones,
928 1430 1098 1506 enuntiata,
1124 1450 1192 1506 quae
1218 1430 1431 1505 aliquomodo

259 1556 341 1613 inter
376 1574 409 1612 se
445 1556 650 1629 associantur,
687 1560 800 1612 natura
835 1556 905 1632 ipsa
939 1568 1066 1630 cogente
1104 1555 1358 1614 assimilationem
1381 1557 1431 1614 vel

261 1680 503 1754 exaequationem
537 1679 683 1765 admittit.
731 1679 767 1736 In
797 1699 941 1737 sonorum
969 1681 1089 1763 ratione
1114 1684 1146 1738 et
1168 1677 1299 1738 flexione
1323 1699 1431 1737 vocum

259 1804 334 1879 quid
355 1803 554 1863 vassimilatio
589 1806 630 1862 sit
665 1811 874 1878 quantumque
909 1804 1023 1881 valeat,
1062 1774 1215 1863 neminem
1250 1803 1342 1881 fugit,
1378 1805 1430 1878 qui

260 1928 382 2002 quidem
416 1929 540 2005 paulum
575 1927 750 2002 linguarum
785 1928 898 1985 studiis
927 1949 959 1986 se
989 1928 1121 1986 dederit.
1168 1929 1276 2003 Neque
1305 1930 1337 1985 in
1361 1949 1431 2005 syn·

260 2051 384 2110 tacticis
419 2051 520 2125 rebus,
557 2050 616 2128 etsi
652 2052 750 2109 minor
780 2051 817 2107 de
842 2071 879 2109 ea
903 2071 1002 2110 sermo
1026 2052 1097 2118 fuit.
1122 2054 1223 2109 minus
1247 2052 1309 2109 late
1333 2059 1428 2128 patet.

259 2175 292 2234 Si
315 2177 384 2250 quis
408 2174 559 2233 latissimo
584 2194 674 2232 sensu
697 2176 773 2232 velit
796 2175 829 2231 id
852 2175 1035 2233 vocabulum
1058 2176 1216 2249 adhibere,
1235 2182 1266 2234 et
1283 2174 1428 2250 adjectivi

260 2300 299 2358 ad
333 2300 564 2357 substantivum
600 2297 840 2356 accommodatio
876 2308 908 2354 et
931 2299 1017 2356 verbi
1042 2319 1110 2357 cum
1134 2298 1274 2375 subjecto
1299 2318 1429 2374 congru-

259 2426 345 2482 entia
368 2429 399 2480 et
423 2421 524 2480 omnia
549 2421 698 2497 ejusmodi
723 2422 763 2479 ad
787 2421 1042 2480 assimilationem
1059 2421 1171 2482 referri
1187 2429 1324 2500 possunt.
1360 2423 1427 2482 Hoc

259 2555 375 2628 tamen,
394 2547 460 2606 loco
495 2546 591 2605 multo
628 2548 806 2621 angustiore
842 2565 937 2604 sensu
971 2545 1028 2606 hoc
1063 2550 1183 2606 nomine
1219 2555 1298 2622 utar,
1328 2549 1372 2606 ita
1396 2557 1428 2605 ut

258 2674 413 2732 aberratio
448 2671 590 2747 quaedam
619 2692 636 2729 a
669 2672 837 2730 communis
872 2674 1080 2748 grammaticas
1115 2673 1238 2749 legibus
1274 2674 1325 2747 sit,
1361 2692 1429 2748 qua

258 2796 414 2856 aberratio
451 2797 553 2854 tribus
588 2796 687 2854 modis
722 2794 858 2853 efficitur
895 2796 925 2872 1)
957 2796 984 2853 si
1013 2798 1081 2870 quis
1105 2798 1261 2853 sententia
1285 2797 1429 2871 despecta

257 2923 449 2981 enuntiatum
473 2919 524 2978 vel
548 2918 733 2977 vocabulum
757 2920 795 2976 ad
821 2918 904 2976 aliud
928 2925 1021 2993 atque
1040 2920 1203 2995 oportebat
1221 2918 1429 2975 accommodat

260 3045 456 3126 (assimilatio
485 3051 615 3105 externo
639 3064 662 3102 s.
684 3043 866 3120 servitulis),
904 3043 936 3120 2)
963 3045 989 3102 si
1013 3045 1083 3118 quis
1106 3041 1236 3101 formam
1259 3062 1319 3100 nou
1344 3062 1429 3119 spec-

257 3177 328 3231 tans
362 3173 461 3248 ipsam
497 3171 559 3228 vim
594 3168 625 3226 in
661 3188 767 3226 vocum
805 3166 1019 3243 conjunctione
1055 3168 1194 3242 sequitur
1231 3166 1428 3242 (assimilatio

256 3299 384 3356 interito
408 3315 432 3353 s.
458 3294 579 3370 realis),
615 3293 648 3369 3)
678 3291 705 3349 si
734 3291 804 3366 quis
834 3311 871 3349 ex
900 3292 1021 3350 duabus
1045 3291 1191 3366 loquendi
1216 3291 1333 3367 formis,
1359 3312 1428 3366 quan

257 3419 347 3479 simul
381 3421 412 3476 iu
447 3425 548 3476 mente
584 3419 747 3491 exsistunt,
783 3417 915 3475 mediam
950 3416 1102 3491 quandam
1127 3415 1246 3475 forman
1272 3426 1428 3494 comparat

258 3545 455 3625 (assimilatio
479 3543 763 3618 compromittatis)
779 3537 817 3618 ¹).
853 3541 900 3599 Ac
924 3560 962 3598 ne
986 3542 1043 3599 hoc
1065 3540 1188 3615 quidem
1207 3560 1300 3599 sensu
1316 3543 1427 3616 omnia,

256 3689 325 3745 quae
349 3671 381 3727 in
405 3652 529 3744 syntaxi
554 3666 715 3743 Sophoclis
741 3665 964 3724 assimilatione
988 3677 1056 3723 orta
1080 3672 1163 3741 sunt,
1188 3667 1219 3723 in
1240 3666 1340 3724 lucem
1360 3685 1428 3743 pro-

255 3792 338 3851 ferre
361 3811 495 3869 possum.
541 3789 621 3847 Nam
644 3800 676 3848 et
699 3791 797 3865 magis
821 3790 968 3848 abstrusa
992 3795 1023 3847 et
1046 3789 1209 3848 recondita
1231 3790 1328 3848 multa
1345 3797 1426 3862 sunt,

256 3916 346 3990 quam
380 3920 414 3973 ut
442 3912 534 3972 facile
564 3919 744 3990 appareant,
770 3920 802 3972 et
825 3919 934 3971 tantus
956 3932 1100 3972 numerus
1124 3915 1147 3972 si
1174 3915 1273 3972 omnia
1299 3910 1427 3984 colligas

257 4040 462 4118 exemplorum
498 4042 555 4111 est,
591 4048 625 4096 ut
661 4040 890 4097 enumeratione
919 4058 1063 4116 magnum
1086 4036 1228 4095 volumen
1252 4033 1426 4111 impleatur.

256 4166 460 4237 Quamobrem
495 4164 527 4221 id
563 4183 686 4240 semper
721 4164 868 4241 spectavi,
898 4170 941 4239 ut,
966 4169 1174 4240 praeterquam
1198 4159 1281 4234 quod
1304 4161 1427 4237 generis

328 4391 349 4457 ¹)
378 4393 419 4442 De
439 4393 493 4441 lrac
512 4409 543 4441 re
564 4393 607 4441 cfr
627 4393 739 4440 Ziemer
759 4393 814 4441 Str.
835 4407 898 4455 pag.
919 4393 952 4439 bb
972 4406 1009 4440 ss.
