3210 4912
291 277 311 333 8
364 359 367 363 .

333 432 368 517 β.
414 435 451 492 Ια
485 455 588 512 graeca
622 434 728 510 lingua
755 454 816 493 non
844 435 944 492 minus
968 455 1058 509 quam
1082 437 1112 493 in
1137 436 1235 494 latina
1257 437 1416 511 vocabrda,

247 561 315 617 quae
338 543 407 618 ipsa
431 543 461 600 vi
486 547 578 599 exuta
602 546 636 598 ut
660 541 812 599 vocabula
835 540 923 599 modo
946 539 1127 615 afferuntur,
1146 549 1248 600 tamen
1266 540 1417 602 flectendo

247 648 349 706 solent
372 667 426 705 eas
451 645 566 706 formas
592 647 743 722 accipere,
766 666 834 720 quae
851 648 878 704 si
895 647 1051 705 sententia
1069 651 1274 723 spectaretur,
1291 655 1418 726 propter

247 751 356 830 locum,
382 773 472 828 quem
495 755 526 810 in
550 755 709 811 enuntiato
734 759 852 826 tenent,
876 753 1027 831 ponendae
1052 757 1142 812 orant
1162 773 1209 812 ex.
1226 775 1272 829 gr.
1291 757 1417 813 verbum

247 859 379 918 amandi.
406 895 446 902 —-
472 855 586 916 trimilis
614 861 694 917 ratio
724 866 781 933 cst,
812 878 880 917 cum
903 860 934 917 in
960 859 1235 918 exclamationibus
1259 868 1291 919 et
1315 861 1418 937 appel-

246 946 415 1025 lationibus
444 964 611 1024 afferendis
636 985 737 1040 casus,
763 985 852 1039 quem
874 967 1003 1024 verbum
1026 985 1143 1048 regens
1162 966 1304 1042 requirit,
1330 987 1418 1026 usur-

246 1080 346 1150 patur.
394 1073 437 1131 Ut
473 1071 589 1147 legitur
617 1071 664 1130 El.
695 1073 755 1129 148
777 1069 874 1149 Ἴτυν,
899 1069 964 1131 αἰὲν
982 1068 1069 1132 ’Ἴτυν
1092 1070 1290 1151 ὀλοφύρεται,
1315 1093 1418 1147 quarn-

246 1190 336 1255 quarn
372 1199 403 1237 re
438 1197 512 1237 vera
542 1176 626 1251 Ἵτιις
659 1183 758 1236 mater
782 1176 870 1236 dixit.
899 1213 936 1220 -
963 1177 1102 1235 Eandem
1125 1178 1192 1237 fere
1216 1199 1279 1237 rem
1302 1183 1418 1256 reperi-

247 1305 323 1361 mus,
360 1287 412 1343 ubi
448 1304 540 1343 casus
574 1286 706 1343 nominis
741 1285 868 1360 repetiti
903 1303 937 1342 eo
967 1287 1071 1358 verbe,
1097 1284 1179 1358 quod
1202 1287 1416 1361 repetitionem

246 1393 374 1469 iudicat,
411 1393 610 1451 constituitur
645 1393 727 1449 sicut
750 1391 824 1449 Ant.
852 1392 888 1447 31
917 1410 941 1448 s,
966 1396 1092 1451 τοιαῦτα
1110 1425 1121 1434 -
1138 1425 1177 1434 --
1201 1390 1345 1470 Κρέοντα
1370 1393 1417 1453 ooi

245 1498 352 1579 κάμοί,
388 1498 470 1578 λέγω
507 1497 567 1578 γὰρ
602 1497 688 1580 κάμέ
722 1497 892 1577 κηρύξαντ’
924 1497 1012 1576 ἔχειν.
1061 1496 1243 1574 Exemplum
1266 1499 1417 1573 neglectio

245 1605 337 1681 hujus
362 1605 602 1680 assimilationis,
628 1605 710 1679 quod
728 1605 907 1662 inusitatius
925 1612 981 1679 est,
999 1604 1112 1680 legitur
1130 1605 1178 1661 Αἰ.
1198 1607 1261 1662 aba
1281 1603 1419 1684 Τεῦκρος

247 1710 336 1773 -τὸν
363 1712 496 1787 auidu-
516 1709 679 1790 Τελαμῶνι
709 1710 799 1781 δείξει
822 1712 919 1791 μητρί
940 1711 978 1781 τ’,
999 1709 1143 1794 'Epistola
1166 1709 1257 1790 λέγω.
1306 1712 1419 1770 Confer

245 1819 320 1876 Ant.
358 1819 419 1876 ab?
456 1815 520 1900 ἥδε
555 1817 599 1897 μὴ
629 1817 698 1897 λέγε
727 1817 932 1875 antecedente
960 1813 1056 1900 τῆσδ’
1084 1817 1165 1895 ἄτερ.
1213 1817 1313 1875 Creon
1342 1818 1416 1877 dicit

246 1925 385 1999 Ismene»,
420 1945 458 1982 ne
494 1924 571 1981 illud
599 1914 767 2000 pronomen
796 1924 852 2003 ἥδε
877 1925 1041 1982 adhiberet
1064 1924 1102 1982 de
1127 1943 1242 1999 sorore,
1268 1946 1335 1999 quai
1356 1924 1417 1999 jam

246 2051 303 2089 nou
329 2048 418 2089 esset.

333 2159 364 2220 γ.
411 2138 448 2195 Iu
485 2137 636 2210 colloquio
672 2155 753 2212 saepe
790 2137 834 2207 lit,
871 2148 905 2192 ut
937 2137 975 2211 is,
1005 2135 1058 2208 qui
1087 2135 1263 2211 respondet,
1290 2136 1418 2193 alterius

245 2245 340 2302 verba
374 2246 464 2302 iteret
500 2250 553 2300 aut
587 2242 695 2300 eadam
729 2241 827 2300 forma
854 2249 970 2316 utatur,
1002 2261 1229 2315 nonnumquam
1252 2244 1307 2316 ita,
1332 2253 1367 2299 ut
1390 2245 1416 2299 si

246 2352 375 2409 rationis
399 2370 505 2407 norma
524 2348 711 2424 judicamus,
737 2350 897 2406 sententiae
921 2367 982 2406 non
1006 2347 1150 2406 satisfiat.
1192 2348 1253 2406 Sed
1278 2347 1323 2406 ita
1349 2369 1417 2423 pra-

245 2458 347 2514 viores
371 2458 453 2514 ictus
477 2457 618 2530 veniunt,
643 2456 724 2513 unde
749 2463 878 2532 apparet
902 2474 939 2512 ex
963 2456 1030 2532 ipso
1056 2474 1150 2513 sensu
1173 2455 1252 2534 lianc
1274 2454 1416 2529 loquendi

246 2565 393 2643 rationem
414 2561 550 2638 fluxisse,
568 2564 631 2639 qui,
649 2561 811 2620 dummodo
830 2563 932 2650 acrius
949 2568 981 2623 et
999 2562 1142 2620 acerbius
1160 2562 1292 2639 dicatur,
1311 2562 1418 2638 logica·

246 2670 369 2745 regulas
393 2672 518 2728 minoris
543 2669 631 2728 facit.
678 2669 858 2745 Exemplum
881 2670 1022 2746 praebent
1046 2668 1093 2727 El.
1118 2689 1167 2730 vv.
1198 2670 1280 2726 1035
1305 2688 1340 2744 a,
1365 2670 1416 2726 ubi

243 2797 314 2835 cum
337 2777 464 2835 Electra
489 2776 567 2834 dixit
591 2775 658 2836 ἀλλ’
684 2773 742 2836 αἶα
763 2776 878 2835 interm
896 2775 920 2854 γ’
940 2775 1015 2855 αἷμ’
1035 2775 1157 2854 ἀτιμίας
1174 2775 1267 2855 ἄγεις,
1286 2775 1418 2851 Chryso-

245 2883 357 2940 themis
392 2883 560 2959 respondet
595 2882 721 2961 ἀτιμίας
754 2880 813 2960 μὲν
849 2882 896 2950 ot,
932 2881 1122 2961 προμηθίας
1146 2880 1179 2941 dd
1204 2886 1270 2941 σοῦ.
1317 2881 1418 2939 Credo

246 2990 336 3066 plura
360 2990 500 3066 exempla
524 3008 603 3064 esse,
629 2988 685 3046 sed
710 2989 810 3045 serius
834 2988 908 3044 mibi
933 2989 964 3044 in
989 2994 1121 3047 mentem
1146 2987 1238 3064 hujus
1261 2989 1307 3046 rei
1324 2989 1417 3061 venit,

246 3117 336 3170 quam
360 3103 394 3153 ut
420 3095 598 3154 accuratius
623 3097 755 3154 scrutari
779 3114 912 3172 possem.

334 3200 364 3264 δ.
410 3203 445 3260 In
483 3203 765 3279 comparationibus
800 3204 887 3278 prius
915 3203 1084 3259 membrum
1109 3200 1288 3277 posterioris
1314 3185 1417 3258 casum

246 3330 327 3386 saepe
363 3309 422 3367 sibi
458 3309 616 3366 assimilat.
664 3309 741 3366 Nam
775 3310 805 3366 in
836 3307 904 3384 ipsa
933 3329 964 3366 re
988 3308 1159 3366 similitudo
1184 3315 1242 3379 est,
1268 3327 1367 3382 neque
1392 3309 1416 3363 si

247 3417 311 3474 haec
335 3417 366 3473 in
389 3416 517 3474 t'ormam
542 3415 648 3491 serpit.
674 3416 705 3473 id
730 3417 840 3473 mirum
864 3414 999 3473 videtur.
1048 3416 1081 3472 Is
1104 3417 1184 3473 enim
1209 3416 1261 3488 qui
1281 3414 1419 3488 loquitur

245 3522 277 3579 id
301 3523 389 3581 modo
415 3525 489 3597 agit,
515 3534 549 3580 ut
573 3525 749 3582 ebraldum
774 3521 910 3580 dilucide
936 3524 1135 3600 exprimatur,
1160 3540 1259 3595 neque
1283 3521 1314 3578 id
1332 3530 1418 3579 curat

241 3637 299 3687 :aut
334 3631 439 3707 sentit,
477 3637 578 3688 utrum
612 3630 785 3705 subjectum
821 3649 859 3686 an
890 3628 1043 3702 quidlibet
1071 3629 1228 3705 posterius
1252 3630 1417 3686 membrum

241 3738 295 3794 sit.
344 3738 421 3795 sunt
455 3736 524 3810 loci,
560 3738 613 3794 ubi
641 3746 808 3810 structura,
839 3737 865 3793 si
895 3737 1075 3811 connitaris,
1102 3736 1168 3793 sine
1192 3733 1417 3793 assimilatione

245 3843 383 3920 expediri
419 3845 528 3920 possit,
559 3863 606 3902 ex.
632 3863 677 3917 gr.
705 3842 778 3900 Ol).
805 3846 869 3899 868
894 3862 935 3899 ss.
962 3842 996 3902 σέ
1019 3843 1045 3901 τ’
1073 3841 1169 3902 αὐτὸν
1193 3841 1246 3903 καί
1270 3842 1360 3920 γένος
1383 3840 1418 3900 τὸ

246 3949 303 4011 σὸν
321 3985 330 3993 -
349 3986 358 3994 -
376 3948 507 4017 silton·
536 3949 605 4030 ὃαίη
634 3950 704 4029 βίον
728 3954 871 4009 τοιοῦτον
900 3948 967 4009 αἶαν
991 3948 1077 4031 κάμὲ
1101 3949 1237 4029 poprium?
1257 3971 1341 4016 ποτε,
1366 3949 1416 4005 ubi

246 4077 317 4132 pars
336 4053 605 4115 cornmentatorum
624 4063 694 4132 post
711 4055 779 4115 αἶαν
795 4055 878 4134 κάμὲ
895 4054 1078 4125 intelligunt
1095 4059 1228 4135 γηρᾶναι
1245 4054 1367 4114 idaiam*
1382 4051 1418 4130 ¹),

336 4213 342 4240 ¹
349 4230 356 4275 ι
386 4215 460 4274 Quid
481 4214 687 4262 Srlrncidcwiui
711 4213 744 4261 ad
760 4213 834 4260 bunc
850 4212 943 4261 lorum
960 4213 1107 4261 adnotatio
1123 4212 1177 4259 sibi
1193 4211 1272 4263 velit.
1287 4212 1416 4274 equidem

246 4306 350 4352 nescio.
390 4304 459 4351 Nam
490 4306 612 4366 primum
642 4309 815 4351 structurum
843 4303 1205 4360 iuldmrdisrcr·lrisy›19‹1v:n
1226 4308 1311 4348 dtamen
1332 4301 1418 4365 expli-

244 4408 310 4439 care
331 4393 452 4441 videtur.
492 4393 561 4440 l’ost
581 4392 614 4439 dc
635 4391 844 4440 assiriiilutione
865 4391 1000 4454 loquitur.
