3210 4912
1301 272 1342 327 33

213 431 288 490 Ant.
307 434 367 489 411
389 451 429 490 ss.
447 431 653 516 καθήμεθα·
670 466 681 474 -
698 465 719 506 ·,
737 436 848 492 κινῶν
864 429 955 509 ἄνδρ’
975 431 1075 512 ἀνήρ.
1112 427 1231 487 Similia
1247 429 1389 506 exempla

140 576 144 580 -
214 538 305 598 Schn.
341 540 372 596 in
409 538 480 596 adn.
510 538 540 595 h.
565 538 585 597 l.
611 537 701 614 plura
727 535 827 613 affert,
853 556 869 594 e
894 537 1006 611 quibus
1029 556 1123 594 unum
1146 535 1257 613 eligam
1281 536 1386 595 AEsch.

212 645 312 703 Prom.
343 646 407 704 200
436 645 539 712 στάσις
566 644 592 703 τ’
619 643 653 704 ἐν
682 642 856 723 ἀλλήλοισιν
884 641 1074 721 ὠροθύνετο,
1100 644 1137 704 οἱ
1157 642 1222 724 μὲν
1244 641 1412 712 θέλοντες·

212 787 283 828 ---,
309 753 345 813 οἱ
368 748 406 813 δὲ
428 748 602 830 τοῦμπαλιν
626 749 822 817 σπεύδοντες.
844 785 883 792 —
908 749 983 808 Plus
1009 750 1175 808 abhorrent
1197 749 1263 808 haec
1287 768 1388 808 exem-

212 858 277 935 pla:
315 857 351 916 0.
382 857 421 916 R.
456 858 517 915 158
547 876 589 915 ss
616 857 727 935 πρῶτά
752 879 786 917 σε
809 853 1305 937 κεκλόμενος·--προφάνητὲ
1326 878 1388 938 μοι

214 966 364 1044 (quinque
389 986 437 1023 vv.
463 962 570 1041 infra).
609 962 728 1051 Chorus
746 964 864 1039 incipit,
883 964 972 1038 quasi
987 963 1132 1043 λίσσομαι
1147 966 1304 1039 sequatur,
1317 970 1389 1040 post

213 1077 316 1130 autem
339 1071 372 1129 id
395 1073 506 1148 ipsum,
531 1070 613 1146 quod
638 1076 736 1146 optat,
758 1072 879 1147 promit.
929 1071 980 1148 (In
1004 1069 1128 1130 Wolffii
1152 1069 1222 1128 adn.
1249 1071 1287 1128 ad
1311 1070 1341 1128 h.
1366 1070 1386 1130 l.

212 1179 303 1256 plura
327 1178 468 1255 exempla
493 1176 673 1239 afferuntur.
711 1176 803 1234 Adde
828 1176 901 1234 Eur.
927 1177 952 1233 Ι.
979 1177 1013 1235 Τ.
1040 1178 1114 1253 964,
1139 1177 1233 1253 Hipp.
1260 1177 1327 1254 22.)
1346 1213 1387 1220 -

211 1286 291 1343 Phil.
331 1286 425 1360 1385,
461 1285 515 1342 ubi
548 1291 713 1360 postquam
747 1283 940 1342 Philoctetes
970 1304 986 1341 a
1015 1283 1218 1360 Neoptolemo
1243 1285 1389 1359 quaesivit

212 1390 310 1470 λέγεις
344 1391 374 1452 θ’
406 1390 575 1469 Ἀτρείδαις
608 1389 724 1470 ὄφελος
753 1392 771 1469 ἢ
796 1390 842 1450 ἐπ’
871 1389 942 1470 ε’μοί
965 1389 1052 1463 τόθι,-
1076 1390 1125 1448 hic
1149 1390 1318 1468 respondet
1341 1392 1392 1452 σοί

212 1522 276 1559 aon
308 1495 413 1581 φίλος
447 1499 475 1578 γ’
513 1499 575 1577 ὤν,
610 1498 659 1578 χὼ
687 1496 781 1577 λόγος
808 1497 930 1558 τοιόσδε
957 1518 1038 1579 μου.
1085 1497 1243 1556 Hocloco
1268 1500 1389 1575 sipost

213 1604 303 1686 φίλος
338 1607 363 1685 γ’
397 1606 444 1666 ὤν
469 1626 506 1663 ex
531 1605 788 1664 antecedentibus
813 1607 941 1663 verbum
964 1604 1047 1683 λέγω
1072 1605 1243 1682 suppletur,
1268 1611 1303 1663 ut
1324 1606 1388 1683 ple-

212 1715 300 1788 rique
336 1713 472 1772 editores
508 1713 661 1789 supplent,
697 1713 836 1789 legitima
865 1713 1051 1770 constructio
1075 1717 1133 1786 est,
1158 1712 1215 1770 sed
1238 1712 1389 1770 vocabula

213 1821 267 1879 illa
301 1820 351 1900 χὼ
386 1818 479 1898 λόγος
510 1818 634 1880 τοιόσόε
660 1841 725 1899 μου
754 1818 990 1893 languidissima
1013 1818 1168 1876 videntur.
1215 1818 1263 1876 Ea
1287 1823 1404 1877 autem·

213 1926 428 2004 explicatione,
466 1947 556 2000 quam
591 1945 647 2003 ego
670 1925 813 2002 praefero,
838 1925 964 2002 elegans
988 1926 1145 1984 sententia
1167 1923 1217 1983 fit:
1243 1925 1388 2000 quoniam

213 2054 270 2111 ego
305 2033 363 2092 tibi
399 2035 515 2091 amicus
550 2053 627 2107 sum,
665 2034 756 2091 etiam
792 2052 892 2090 sermo
920 2051 1006 2090 meus
1035 2031 1093 2090 tibi
1122 2033 1239 2090 amicus
1262 2037 1319 2089 est.
1346 2069 1386 2075 -

133 2217 136 2221 Ἰ
213 2141 329 2199 Contra
364 2146 494 2199 externa
528 2141 631 2217 potius
667 2140 891 2198 assimilatione
928 2144 1088 2197 structura
1116 2138 1311 2216 explananda
1341 2145 1389 2198 est

213 2246 248 2306 Ο.
279 2247 312 2306 0.
346 2249 430 2305 1360
463 2267 486 2305 s.
518 2227 596 2306 o'ull'⁸
614 2247 694 2328 ἐμοὶ
720 2245 779 2326 μὲν
808 2246 910 2307 οἰστὲα
933 2246 1013 2316 τόθ’,
1038 2246 1162 2324 ἕωσπερ
1187 2246 1226 2305 ἂν
1250 2247 1305 2317 ζῶ,
1330 2252 1387 2307 σοῖν

212 2354 340 2432 φονέως
362 2355 591 2435 μεμνημένος,
619 2353 647 2410 si
675 2352 799 2428 quidem
823 2372 877 2429 pro
902 2352 1007 2412 dativo
1030 2352 1228 2433 μεμνημένῳ
1251 2354 1388 2412 nomina-

213 2461 294 2519 tivus
331 2459 518 2518 attractione
554 2458 793 2535 intercedentis.
813 2460 966 2516 enuntiati
993 2458 1146 2533 provenit.
1199 2457 1389 2534 Quamquam

212 2567 350 2625 dubitari
379 2586 439 2623 non
467 2571 578 2642 potest,
605 2565 688 2641 quin,
714 2566 839 2622 etiamsi
862 2563 940 2647 illud
966 2566 1161 2622 enuntiatum
1186 2565 1320 2639 abesset,
1345 2568 1387 2623 ni·

212 2675 274 2733 hilo
298 2676 398 2731 minus
422 2678 515 2749 poeta
537 2671 742 2752 μεμνημένος
764 2672 900 2730 scribere
916 2673 1063 2747 potuerit.
1100 2671 1143 2729 Et
1159 2678 1245 2730 recte
1263 2672 1388 2731 Schnei-

212 2781 316 2839 dewin
331 2783 362 2837 in
388 2780 456 2838 adn.
482 2780 511 2837 h.
537 2779 556 2838 l.
583 2787 659 2837 extr.
686 2778 789 2837 addit:
818 2779 936 2836 “zumal
961 2777 1030 2857 ἐμοὶ
1054 2778 1156 2839 οἰστέα
1180 2777 1253 2839 ’τάδε
1269 2798 1293 2836 s.
1311 2800 1340 2838 v.
1359 2801 1386 2838 a.

212 2887 276 2968 ἐγὼ
300 2887 369 2947 τόθ’
396 2888 492 2948 odiost
513 2883 549 2964 ¹).

299 3010 334 3095 β.
382 3014 597 3072 Accusatiuus.
648 3011 835 3069 Praeclarum
880 3011 1053 3088 exemplum
1096 3019 1144 3068 est
1187 3011 1261 3070 Aut.
1304 3013 1385 3070 1001

212 3118 325 3180 ἀκούειν
355 3117 503 3198 φθόγγον
528 3115 699 3202 ὀρνίθων,
723 3115 923 3197 κλάζοντας,
946 3117 1000 3176 ubi
1027 3117 1200 3188 κλάζοντας
1223 3138 1279 3195 pro
1303 3118 1388 3196 geni·

212 3228 275 3284 tivo
300 3224 416 3283 factum
440 3232 497 3300 est,
523 3225 596 3300 quia
612 3225 759 3304 φθόγγον
776 3225 918 3303 ὀρνίθιον
935 3225 1019 3284 idem
1037 3231 1129 3299 atque
1146 3224 1389 3305 φθεγγομένους

213 3332 344 3411 ὄρνιθας
369 3344 425 3391 est.
473 3332 581 3406 Neque
606 3333 662 3390 hoc
687 3332 859 3408 exemplum
875 3332 1005 3388 multum
1022 3333 1059 3390 ab
1076 3331 1115 3388 iis
1137 3331 1302 3409 discrepat,
1320 3353 1388 3407 quae

215 3422 315 3496 Wolff
335 3439 375 3496 aa
400 3439 430 3495 a
452 3439 471 3498 1.
498 3437 600 3512 affert,
636 3438 726 3497 nom.
751 3438 788 3496 n.
814 3438 931 3496 11459
957 3437 1098 3515 οριιοοι
1122 3437 1216 3499 aava
1241 3435 1388 3521 αγαινσ-

211 3564 312 3624 μενοι
336 3551 367 3603 et
390 3545 486 3602 XVII
514 3547 574 3604 755
602 3550 718 3625 φορῶν
743 3546 838 3624 νέφος
859 3545 980 3624 ἔρχεται
1002 3544 1037 3624 ἠὲ
1057 3543 1203 3613 κολοιῶν,
1221 3543 1315 3605 οὖλον
1331 3566 1388 3606 κε-

212 3647 386 3734 κληγότες.
433 3650 512 3709 Nam
541 3673 725 3728 quamquam
752 3652 813 3710 dici
837 3657 942 3728 potest
964 3654 996 3709 in
1020 3652 1068 3709 his
1092 3652 1240 3727 exemplis
1264 3654 1388 3727 generis

212 3764 245 3816 et
268 3760 389 3815 numeri
414 3760 658 3832 exaequationem
683 3779 752 3818 esse
778 3794 818 3800 —
843 3779 913 3816 nam
937 3758 1031 3818 ἔθνεα
1057 3764 1088 3817 et
1112 3758 1209 3838 νέφος
1232 3759 1261 3817 h.
1286 3758 1304 3816 l.
1329 3757 1389 3815 col-

198 3861 358 3923 ¹lectivam
383 3866 443 3924 vim
468 3865 593 3940 habent,
620 3871 651 3923 ct
674 3877 744 3943 post
769 3864 933 3923 collectiva
948 3867 1071 3924 interna
1089 3863 1274 3923 assimilatio
1292 3863 1390 3922 oritur

304 4128 324 4189 ¹)
352 4130 477 4178 Dlndorf
496 4137 523 4178 et
544 4130 684 4178 Tournier
703 4132 764 4177 sine
784 4129 862 4191 justa
882 4145 970 4178 causa
989 4129 1120 4178 scribunt
1138 4133 1292 4188 μεμνημένον,
1314 4128 1388 4191 quod

213 4221 328 4266 etiamsi
341 4225 473 4282 ponatur.
488 4226 635 4268 structura
649 4217 857 4267 assimilatione
872 4218 1043 4282 explicanda
1057 4224 1108 4268 est.
1131 4217 1263 4266 Alterum
1278 4231 1389 4279 exemp-

214 4305 281 4356 lum.
301 4307 377 4370 quod
397 4307 544 4371 Carupbell
565 4308 628 4357 Ess.
649 4323 686 4355 011
700 4307 747 4355 the
762 4307 849 4370 hang.
865 4308 879 4368 ἓ
895 4307 935 4369 15,
951 4308 964 4354 1
982 4307 1078 4359 affert.
1099 4307 1131 4356 Ο.
1145 4306 1178 4355 R.
1199 4305 1389 4370 1354s.,1ne0

213 4396 328 4462 quidem
348 4395 455 4458 judicio
476 4396 561 4446 aliter
581 4396 792 4462 explanandum
813 4402 864 4447 est.

1339 4484 1356 4535 ’ὀ
