3210 4912
374 251 415 307 no

328 410 410 485 quod
446 409 528 468 Jebb
552 416 656 486 negat.
706 406 821 465 Confer
844 407 894 466 At.
922 407 1006 465 1073
1031 425 1055 463 a.
1080 407 1132 463 ubi
1158 408 1224 464 sine
1249 408 1343 465 dubio
1367 409 1503 466 scriben-

329 518 400 575 dum
426 523 473 575 est
497 516 535 576 οὐ
550 555 562 564 -
577 555 589 564 -
608 514 700 594 νόμοι
717 513 825 581 καλῶς
841 513 976 592 φέροινέ
996 513 1043 582 ἄν,
1061 512 1140 573 ἔνθα
1156 512 1403 596 μὴ’κοιιῖεστήκῃ
1423 514 1502 582 δέος.

417 623 485 682 Ηοο
518 622 606 680 modo
632 622 725 679 etiam
750 619 832 696 apud
855 619 1021 678 Homerum
1046 621 1204 696 optativus
1228 627 1396 696 usurpatus
1419 623 1503 679 inve-

328 731 413 786 nitur
451 728 572 804 (Monro
602 730 664 785 305
690 726 734 804 b).
783 724 838 783 Ofr
862 725 961 802 Kriig.
987 726 1054 784 Att.
1081 726 1110 783 S.
1138 726 1189 800 54,
1218 727 1268 800 14,
1291 728 1324 802 3;
1361 727 1445 785 Poet.
1472 727 1501 786 S.

330 837 381 908 ol,
410 838 459 912 14,
486 837 514 893 2.
562 835 673 893 Utrum
696 835 729 890 in
753 833 801 890 his
823 831 971 908 exemplis
993 833 1174 890 assimilatio
1192 833 1230 890 ad
1249 832 1421 908 optativum
1437 832 1503 892 effi-

329 940 471 999 ciendum
494 940 638 1016 valuerit,
665 960 702 998 an
726 940 793 997 haec
819 959 836 996 a
859 940 1009 1017 principio
1023 937 1110 1014 justa
1128 958 1163 997 ac
1179 939 1320 1015 legitima
1337 938 1436 997 forma
1452 942 1502 1013 sit,

328 1048 403 1104 mihi
436 1068 496 1105 non
533 1066 665 1121 assumo,
690 1051 725 1104 ut
749 1045 925 1122 dijudicem,
950 1047 982 1103 in
1004 1045 1115 1121 primis
1140 1044 1223 1120 quod
1246 1065 1337 1120 quam
1359 1045 1503 1121 plurimis

328 1154 477 1231 exemplis
513 1154 636 1212 collatis
673 1172 749 1229 opus
784 1158 841 1225 est,
866 1157 912 1229 ut,
943 1172 1012 1227 quae
1040 1155 1072 1209 in
1097 1151 1135 1209 iis
1158 1158 1270 1209 natura
1295 1153 1425 1228 optativi
1450 1152 1502 1229 sit,

327 1260 548 1335 intelligamus,
586 1259 648 1317 Sed
673 1261 816 1345 quoniam
838 1259 966 1317 verbum
982 1260 1119 1335 regentis
1136 1257 1288 1317 enuntiati
1308 1258 1504 1335 adpraesens

328 1373 449 1444 tempus
485 1374 619 1443 spectat,
657 1366 739 1423 unde
764 1364 845 1423 effici
869 1366 993 1423 videtur
1017 1364 1174 1440 subjuncti
1199 1368 1352 1424 enuntiati
1376 1368 1504 1424 verbum

328 1474 359 1530 in
383 1472 553 1530 indicativo
580 1471 643 1548 (vel
667 1473 832 1549 potentiali
856 1473 876 1530 i.
902 1493 926 1531 e.
954 1473 1093 1548 optativo
1119 1493 1187 1530 eum
1208 1473 1363 1550 particula
1378 1473 1430 1549 ἄν)
1450 1480 1504 1531 aut

259 1557 261 1560 Ι
328 1578 522 1654 conjunctivo
556 1599 624 1637 cum
657 1579 810 1656 particula
834 1578 873 1638 ἄν
897 1577 1070 1655 ponendum
1093 1578 1204 1657 fuisse,
1230 1587 1313 1638 certe
1338 1580 1504 1638 absurdum

327 1707 387 1744 non
424 1692 471 1744 est
506 1692 617 1763 putare
650 1686 707 1743 has
732 1684 847 1743 formas
872 1694 997 1761 propter
1021 1684 1179 1761 subjuncti
1204 1688 1355 1745 enuntiati
1380 1687 1420 1745 ad
1444 1688 1503 1763 pri-

327 1794 457 1851 marium
481 1792 621 1851 intimam
646 1793 885 1869 applicationem
910 1793 1058 1868 optative,
1085 1812 1175 1867 quem
1191 1792 1349 1868 habemus,
1366 1798 1504 1868 mutatas
1529 1773 1540 1785 ⁹

329 1918 408 1957 esse.
457 1899 625 1974 Praeterea,
644 1919 713 1973 quae
739 1900 812 1973 dixi,
838 1900 931 1957 etiam
956 1899 996 1956 ad
1021 1899 1170 1976 exempla,
1196 1918 1265 1973 quaa
1285 1897 1348 1973 jam
1373 1918 1504 1973 sequen-

332 2016 391 2080 tur,
416 2006 582 2082 pertinent.

417 2131 441 2169 o,
490 2111 693 2187 Subjunctum
717 2112 910 2168 enuntiatum
933 2109 1113 2186 ίὲιιιμοναίι.
1162 2110 1197 2170 Ο.
1224 2110 1258 2170 O.
1286 2113 1348 2170 778
1365 2132 1389 2174 s.
1409 2132 1504 2189 supra

323 2217 390 2294 jam
415 2218 514 2276 attuli.
553 2217 588 2276 Ο.
614 2218 654 2276 R.
681 2219 743 2275 505
768 2216 834 2277 ἀλλ’
859 2217 964 2277 οὔποτ’
989 2217 1081 2296 ἔγωγ’
1096 2217 1144 2287 ἄν,
1168 2216 1242 2295 πρὶν
1267 2214 1377 2299 ἴδοιμι
1400 2217 1503 2297 ὀρθὸν

327 2325 411 2395 έττος,
439 2324 660 2405 μεμφομένων
686 2325 725 2383 ἂν
749 2323 937 2403 καταφαίην.
986 2323 1144 2399 Ejusmodi
1169 2323 1341 2400 exemplum
1366 2325 1502 2398 Theogn.

331 2433 392 2488 125
431 2430 548 2509 (Sturm
583 2429 768 2489 Entwickel.
805 2450 875 2506 pag.
914 2431 1002 2504 274).
1056 2429 1278 2489 VideMonro
1315 2433 1388 2507 308,
1427 2434 1502 2508 1b;

328 2537 428 2612 Kriig.
455 2537 522 2596 Att.
548 2538 636 2614 Synt.
663 2538 714 2613 54,
743 2538 791 2611 17,
818 2537 851 2610 2;
877 2536 965 2594 Poet.
991 2535 1078 2613 Synt.
1105 2540 1155 2614 54,
1184 2540 1233 2613 17,
1260 2541 1288 2597 3.

416 2643 736 2722 Animadvertendum
761 2648 809 2702 est
834 2644 1088 2702 assimilationem
1105 2646 1246 2703 omissam
1264 2664 1345 2704 esse:
1372 2645 1422 2703 Tr.
1442 2647 1460 2702 2
1478 2665 1502 2704 s.

328 2750 373 2818 ὡς
397 2750 456 2810 οὐκ
481 2751 520 2810 ἂν
545 2751 631 2812 αἰῶν’
658 2750 815 2830 ἐκμάθοις
838 2752 974 2830 βροτῶν,
998 2750 1072 2828 πρὶν
1088 2752 1126 2822 ἂν
1142 2748 1238 2833 θάνῃ
1255 2776 1307 2819 τις.
1347 2752 1398 2810 Ai.
1419 2753 1501 2810 1117

328 2857 387 2918 οὐκ
411 2859 451 2918 dr
475 2858 655 2937 στοιιῳείην,
680 2858 741 2924 ἔτος
767 2856 855 2930 (God.
881 2857 939 2930 ὡς)
964 2858 1003 2918 ἂν
1026 2852 1079 2939 ᾗς,
1104 2856 1169 2926 οἶός
1192 2881 1252 2936 περ
1276 2857 1309 2920 εἷ.

451 3120 490 3184 V.
538 3125 587 3183 De
611 3125 868 3184 assimilatione
892 3125 1030 3184 iormali
1055 3129 1167 3186 totius
1191 3129 1381 3185 enuntiati.

416 3281 578 3358 Ejusmodi
603 3284 828 3342 assimilatione
853 3283 1070 3342 Schneidewin
1097 3284 1218 3362 (Wolff,
1241 3284 1384 3363 Dindorf,
1409 3286 1504 3345 Tour-

328 3389 405 3466 nier)
431 3396 621 3448 structuram
646 3390 795 3466 explanat
820 3390 855 3449 0.
882 3389 915 3448 0.
944 3393 1028 3449 1018
1054 3412 1095 3450 ss.
1121 3391 1221 3450 Creon
1241 3393 1269 3452 τί
1284 3392 1346 3473 δῆτ’
1365 3392 1505 3472 ἀμοορῴ

328 3494 410 3574 φωτὶ
444 3495 650 3574 προστάσσεις
677 3501 793 3570 ποιεῖν,
827 3496 917 3555 Thes.
944 3496 1022 3558 ὁδοῦ
1047 3498 1215 3578 κατάρχειν
1238 3505 1293 3579 τῆς
1317 3499 1388 3569 ἐκεῖ,
1412 3520 1504 3581 πομ·

327 3602 397 3664 στὸν
422 3597 518 3683 δ’ἐμὲ
540 3609 671 3685 χωρεῖν
694 3623 750 3679 pro
774 3603 865 3680 pleno
889 3605 1050 3662 enuntiato
1075 3603 1204 3683 πομπὸς
1230 3604 1328 3684 δ”έγὼ
1352 3606 1503 3685 χωρήσω.

328 3707 520 3793 Schneidew.
558 3715 716 3786 comparat
752 3710 789 3768 Il.
823 3710 877 3767 ΠΙ
914 3712 955 3767 88
991 3709 1106 3777 ἄλλους
1144 3710 1203 3790 μὲν
1238 3711 1358 3772 κέλεται
1389 3711 1503 3790 (Paris)

327 3815 436 3895 τεύχεα
461 3815 531 3876 κάλ’
558 3815 749 3886 ἀποθέσθαι,
774 3817 880 3878 αὐτὸν
905 3816 933 3876 (l'
953 3816 986 3877 ἒν
1002 3817 1112 3896 μέσσῳ
1129 3819 1189 3879 καὶ
1205 3818 1373 3899 ἀρηίφιλον
1389 3816 1504 3880 Μενέ-

327 3919 414 3985 λαον
438 3924 525 3991 οἴους
549 3923 631 4003 ἀμφ’
652 3921 760 4003 Ἑλένῃ
785 3924 838 3984 καὶ
862 3924 998 4003 κτήμασι
1021 3929 1095 3985 πᾶσι
1111 3922 1301 4007 μάχεσθαι.
1337 3925 1504 3984 Schneide-

327 4031 401 4087 wini
437 4031 540 4106 opinio
575 4028 712 4088 fortasse
748 4029 946 4088 confirmatur
982 4030 1095 4090 collato
1120 4031 1194 4089 Ant.
1224 4032 1306 4088 1277
1332 4051 1374 4089 se.
1400 4029 1428 4091 (ἶ)
1453 4030 1503 4092 ὁὲ-

328 4137 436 4206 oaor‘i’,
472 4136 518 4204 ὡς
554 4137 637 4217 ἔχων
675 4160 706 4197 τε
740 4136 793 4196 καὶ
825 4138 1028 4217 κεκτημένος,
1061 4136 1098 4197 τὰ
1122 4137 1180 4217 μέν
1203 4136 1267 4214 πρὸ
1291 4141 1407 4216 χειρῶν
1430 4136 1505 4197 τάδε

328 4243 447 4322 crepam,
477 4242 512 4303 τὰ
543 4243 572 4304 d'
600 4244 633 4304 έν
662 4242 774 4323 δόμοις
801 4244 907 4311 έοικος
942 4245 1028 4323 ἥκειν
1052 4246 1112 4305 καὶ
1135 4243 1198 4323 τάχ’
1225 4241 1386 4325 ὄψεσθαι
1409 4245 1503 4314 κακά,

327 4348 381 4405 ubi
404 4369 458 4425 pro
482 4359 562 4425 part.
588 4349 758 4429 ὀψόμενος,
784 4350 864 4424 quod
888 4359 1098 4427 expectamuS,
1127 4350 1179 4411 καὶ
1203 4350 1343 4429 ὄψεσθαι
1370 4350 1504 4409 forsitan
