3210 4912
1165 230 1261 310 'ta

135 409 190 485 dit,
221 415 252 468 et·
280 408 432 468 Goodwin
466 408 576 467 Moods
606 408 665 467 and
691 408 809 467 Tenses
837 410 908 466 113.
935 444 975 450 --
1001 409 1119 468 Eodem
1143 409 1232 468 modo
1256 431 1306 470 ve-

134 516 261 574 risimile
290 524 339 575 est
363 516 501 574 futurum
524 514 669 574 infinitivi
694 514 912 593 explicandum
937 535 1008 575 esse
1032 528 1105 593 post
1129 513 1307 590 Ιδύνασθαι

133 622 213 681 Phil.
242 625 327 681 1394
349 623 463 683 πείσειν
487 621 712 702 ὁννησόμεσιλα
735 620 846 702 μηδὲν.
893 623 945 680 Ita
968 642 1018 681 res
1036 623 1176 701 expediri
1192 633 1305 701 potest,

134 736 169 787 ut
191 728 318 787 formam
342 727 441 786 futuri
464 726 589 786 formali
614 727 836 788 assimilatione
860 730 901 787 ad
924 731 1052 788 verbum
1075 750 1188 804 regens
1210 736 1306 790 ortam

133 855 203 895 esse
227 841 379 912 putemus,
405 836 486 911 quod
511 835 728 895 Schneidewin
752 855 776 894 s.
801 836 911 894 Nauck
936 838 1064 896 credere
1080 838 1213 896 videtur.
1244 838 1306 897 Sed

133 943 236 1020 potius
261 962 335 1001 casu
360 944 499 1002 evenisse
524 942 676 1003 existimo,
702 948 737 1001 ut
761 945 862 1020 ipsum
888 943 1044 1004 δι’·νιισιλιιι
1067 945 1096 1002 h.
1115 943 1134 1003 l.
1152 946 1182 1002 in
1199 944 1305 1003 futuro

134 1052 184 1125 sit,
221 1069 321 1124 neque
355 1052 456 1108 minus
484 1056 556 1126 post
581 1049 673 1108 aliam
697 1049 787 1125 hujus
812 1049 899 1108 verbi
923 1049 1053 1108 formam
1076 1049 1214 1109 futurum
1239 1051 1306 1109 infi-

133 1156 223 1214 nitivi
259 1156 348 1231 sequi
383 1176 486 1232 posse.
534 1156 612 1214 Nam
647 1165 682 1214 ut
710 1157 764 1215 illa
789 1158 885 1216 verba
909 1159 1003 1216 etiam
1030 1157 1186 1219 δύνασθαι
1211 1158 1305 1217 actio-

133 1259 201 1322 nerfi
235 1262 378 1321 infinitivi
412 1263 453 1338 ad
487 1263 627 1347 futurum
651 1270 772 1341 tempus
796 1262 887 1322 facile
910 1264 1019 1343 refert,
1044 1273 1075 1323 et
1099 1264 1157 1323 hoc
1180 1268 1305 1325 verbum

134 1380 217 1430 cum'
239 1358 341 1429 verbis
375 1369 548 1450 βούλεσθαι
583 1378 613 1428 et
649 1370 766 1431 ἐθέλειν
794 1372 826 1429 in
854 1373 1008 1429 mentibus
1032 1371 1211 1430 Graecorum
1236 1393 1305 1431 cou-

131 1477 269 1554 junctum
304 1477 405 1536 fuisse
441 1497 476 1536 eo
512 1497 633 1552 quoque
659 1486 798 1555 apparet,
824 1478 906 1552 quod
931 1479 1044 1556 duplex
1069 1484 1306 1556 augmentuma

134 1587 229 1644 verbo
265 1584 384 1645 ἐθέλειν
419 1585 458 1642 ad
492 1586 585 1643 verba
614 1584 794 1665 βούλεσθαι,
820 1585 984 1653 δύνασθαι,
1008 1585 1130 1665 μέλλειν
1153 1588 1305 1662 serpsisse

135 1692 282 1751 credibile
318 1703 366 1749 est
402 1690 471 1769 (Otr
506 1691 542 1749 G.
572 1692 681 1767 Meyer
708 1691 762 1750 Gr.
788 1695 852 1750 475
878 1693 921 1769 a).
970 1691 1062 1751 (lenta
1086 1712 1136 1751 res
1160 1702 1254 1766 esset,
1280 1695 1305 1750 si

134 1801 288 1876 scriptura
323 1804 480 1856 constaret
514 1799 595 1856 Xen.
632 1799 691 1856 An.
728 1800 794 1856 VII
833 1802 860 1873 l,
890 1801 941 1872 24,
977 1801 1027 1857 ubi
1063 1799 1305 1859 Walckenarius

135 1907 249 1980 aliique
274 1907 413 1963 scribunt
442 1904 588 1966 δύνανται
616 1902 821 1968 ἀνύσεσθαι.
862 1906 1006 1965 Incertus
1030 1906 1114 1982 locus
1139 1913 1187 1965 est
1212 1908 1304 1964 etiam

135 2013 229 2070 Thuc.
244 1999 310 2069 VH
329 2016 378 2088 11,
394 2015 412 2069 3
431 2013 596 2092 δυναίμεθ’
615 2014 654 2073 ἂν
670 2012 843 2093 χρήσεσθαι
862 2034 899 2071 an
916 2013 1104 2093 χρήσασθαι.
1134 2012 1189 2072 Ofr
1202 2000 1304 2071 tamen

135 2120 229 2178 Thur.
251 2121 374 2192 litae,
395 2124 406 2176 1
437 2120 560 2199 γνόντες
584 2119 618 2180 di
641 2121 669 2180 ci
692 2119 725 2180 ἕν
747 2125 810 2187 τοῖς
833 2120 1014 2200 πράγμασιν
1031 2121 1096 2180 oi‘r'
1116 2116 1305 2182 ἀποκωλύ-

134 2245 207 2288 σειν
241 2223 385 2289 δυνατοὶ
419 2228 524 2306 ὄντες,
559 2227 642 2301 quod
673 2228 724 2284 rix
752 2228 851 2285 minus
876 2227 916 2284 ad
939 2226 1018 2285 banc
1043 2229 1230 2286 sententiam
1256 2226 1304 2284 fir-

133 2334 274 2392 mandam
298 2334 391 2392 valet.
440 2334 594 2392 Summum
620 2333 754 2392 concedo
779 2342 811 2391 et.
834 2334 891 2392 hoc
914 2338 945 2392 et
969 2333 1047 2392 illud
1072 2333 1112 2392 ad
1131 2333 1229 2391 futuri
1245 2331 1305 2392 for-

133 2461 212 2498 mam
248 2441 409 2499 creandam
446 2439 651 2516 conspirasse.
700 2440 722 2497 J
726 2461 772 2498 am
807 2441 871 2498 vidi
905 2440 1051 2499 Jebbium
1074 2441 1153 2497 idem
1178 2440 1243 2499 fere
1269 2441 1305 2499 de

127 2547 191 2605 hac
215 2568 247 2605 re
272 2550 397 2606 sentire.
446 2546 502 2604 tlt·
525 2545 589 2622 ejus
614 2547 685 2605 adu.
712 2555 740 2604 et
767 2567 836 2622 app.
863 2547 902 2604 ad
926 2547 1006 2606 Phil.
1036 2550 1129 2605 1394.

222 2655 289 2713 Hoc
313 2655 380 2711 loco
405 2653 509 2711 farere
533 2673 593 2710 uon
617 2673 791 2729 possumus,
817 2655 890 2726 quin
907 2649 1188 2734 1ἐ11111111μέλλειν
1204 2674 1304 2712 recor-

134 2760 249 2834 demur,
273 2770 343 2837 post
369 2760 451 2835 quod
476 2760 559 2837 apud
576 2762 690 2818 atticos
707 2762 877 2837 scriptores
894 2780 1031 2837 praesens
1048 2760 1105 2817 inf.
1124 2763 1207 2836 (raro
1225 2762 1303 2836 aar.)

135 2876 187 2926 aut
210 2867 365 2925 interdum
388 2865 526 2924 futurum
550 2868 699 2941 sequitur.
747 2868 780 2924 b¹i
805 2887 841 2925 ex
864 2866 992 2924 Homeri
1016 2867 1161 2942 loquendi
1185 2869 1304 2925 ratione

134 2974 318 3032 concludere
352 2975 422 3032 licet
455 2973 524 3051 (Cfr
551 2975 651 3051 Kriig.
678 2974 711 3032 P.
739 2974 767 3032 S.
795 2975 846 3047 53,
873 2976 892 3031 8
918 2980 949 3031 et
973 2973 1045 3032 Seil.
1072 2973 1157 3048 lem),
1182 2975 1305 3049 proprie

134 3081 190 3139 boc
225 3083 352 3139 verbum
387 3081 511 3139 ridetur
544 3081 582 3137 de
607 3099 642 3139 eo
667 3082 782 3139 dictum
808 3101 887 3155 esse,
913 3083 994 3155 quod
1018 3082 1173 3156 suspicari
1197 3079 1304 3137 liceret

135 3197 188 3245 aut
222 3190 252 3245 iu
288 3188 362 3245 fatis
399 3210 423 3246 s.
460 3208 589 3247 neeesse
625 3199 717 3246 esset.
766 3189 841 3244 'l'um
878 3190 905 3244 si
941 3189 980 3245 ad
1014 3187 1151 3245 futurum
1185 3193 1305 3263 tempus

134 3297 286 3353 sententia
322 3296 495 3372 spectabat,
531 3297 673 3352 nimirum
708 3306 741 3351 ut
777 3303 846 3370 post
879 3294 962 3357 εἰκός
990 3294 1050 3354 ἔστι
1075 3293 1143 3351 sim.
1168 3292 1304 3351 futurum

134 3401 278 3459 infinitivi
303 3403 500 3475 sequebatur.
548 3403 597 3457 Ab
623 3401 678 3459 illa
703 3401 928 3477 significatione
952 3400 1072 3480 Ιιιλλλειν
1095 3399 1240 3458 facillime
1265 3402 1303 3458 ad

133 3509 212 3566 hanc
247 3508 409 3585 processit.
444 3515 477 3565 ut
506 3509 698 3567 voluntatiro
727 3528 820 3566 sensu
845 3511 878 3566 iu
904 3510 1014 3566 (urium
1038 3509 1151 3566 licitere
1175 3507 1303 3565 valeret.

135 3615 211 3671 Tum
248 3628 348 3671 autom
384 3615 524 3689 urralcpia
562 3626 734 3673 ceterorum
771 3616 932 3673 verborum
968 3614 1139 3671 voluntatis
1167 3632 1304 3689 prm-§rus

134 3721 278 3778 inlinitiri
305 3741 412 3793 repere
438 3722 582 3779 debebat.
619 3722 658 3778 Et
684 3722 759 3779 talis
784 3723 874 3779 solita
899 3734 968 3797 pust
991 3721 1047 3778 lio(-
1065 3722 1190 3777 verbum
1207 3732 1305 3778 strue-

133 3842 202 3884 tnru
229 3841 276 3884 est
303 3828 372 3903 (lf'l'r
395 3827 494 3901 Κεῖῳ.
520 3829 586 3886 Aa.
612 3831 641 3884 Η.
669 3832 720 3903 os,
746 3831 790 3904 s).
827 3828 1031 3903 Exi-cptiones
1055 3826 1135 3884 haud
1157 3830 1199 3885 ita
1217 3848 1305 3885 raras

135 3954 200 3991 esso
237 3954 295 3991 uon
331 3934 504 3992 miramlum
540 3946 596 4008 est,
633 3934 658 3990 si
696 3937 906 4010 reputabimus
943 3948 972 3991 ct
1002 3934 1246 4006 significationes
1276 3946 1304 3993 et

133 4050 307 4098 structuras
343 4043 549 4099 associatione
574 4040 717 4098 facillimo
742 4043 823 4098 inter
848 4062 880 4099 se
903 4040 989 4115 jungi
1014 4043 1162 4116 potuisse.
1210 4042 1305 4098 Futu-

134 4169 199 4206 rum
225 4150 279 4205 inl'.
305 4148 442 4222 legitimo
468 4168 561 4204 sensu
587 4150 759 4205 invenimus
784 4149 834 4206 At.
861 4152 924 4205 sno
950 4171 985 4221 s.‚
1014 4151 1107 4222 lint,
1138 4150 1229 4207 test.
1256 4148 1303 4204 El.

135 4260 208 4314 sats.
246 4254 280 4313 t).
322 4256 356 4313 ll.
384 4256 446 4312 tuit
474 4257 625 4315 liurertus
661 4270 760 4312 tauron
798 4255 893 4315 lorus.
931 4276 998 4313 uam
1024 4254 1090 4312 rod.
1117 4256 1161 4311 lia
1187 4256 1304 4331 praebet

134 4368 262 4427 κτανεῖν,
298 4363 379 4436 11111111
416 4362 610 4421 retinendum
647 4382 713 4420 esso
750 4361 869 4437 credo).
899 4362 979 4419 Plril.
1006 4364 1080 4419 tet-3.
1109 4364 1202 4420 1083.
1251 4362 1306 4418 (Ὕν
