3210 4912
1270 287 1310 344 91

274 450 387 508 Notum
423 455 471 508 est
503 451 536 506 in
563 448 781 523 locutionibus,
806 448 915 523 quales
940 453 1013 505 sunt
1036 447 1093 526 οὐχ
1118 445 1204 507 ὅσιόν
1228 446 1288 507 ἐστι
1310 444 1355 525 μί]

176 557 222 617 'ori
256 562 343 619 ταῦτα
377 561 484 625 ποιεῖν,
519 554 649 635 αἰσχρόν
667 594 680 603 -
700 593 712 602 -
732 593 755 625 -,
780 554 1024 639 or’r‘particulam
1047 554 1180 611 notionis
1203 552 1357 629 negativae

186 683 253 738 quae
278 661 446 736 antecedit,
471 661 690 739 repetitionem
715 681 784 720 esse
810 661 928 738 (Kohn.
954 661 989 718 II
1010 660 1146 738 51115).
1194 658 1357 736 Ejusmodi

185 770 395 846 pleonasmum
418 771 451 826 in
474 788 577 845 graeca
599 768 715 843 lingua,
740 787 778 826 ne
803 767 841 826 de
866 768 937 826 aliis
962 767 1072 842 dicam,
1098 765 1162 843 jam
1183 768 1357 825 invenimus

185 879 218 933 in
252 876 430 952 enuntiatiS,
466 875 571 950 qualia
607 879 679 932 sunt
713 873 862 953 ἀντιλέγω
887 873 933 941 ὡς
957 873 1014 935 οὐκ
1038 874 1108 944 ἔστι,
1133 873 1288 952 ἀπείργειν
1310 871 1356 953 μὴ

187 992 219 1042 et
242 982 398 1059 duplicem
426 982 483 1045 οὐκ
507 982 663 1060 ἀπείργει-ν
685 979 730 1061 μὴ
755 982 792 1044 οὐ
816 1017 856 1022 -
881 981 988 1056 Neque
1012 980 1103 1057 hujus
1127 985 1191 1038 tam
1214 980 1357 1056 frequen-

185 1092 228 1148 tis
263 1109 339 1148 usus
375 1089 458 1166 apud
485 1088 652 1147 Homerum
676 1108 715 1146 ne
739 1088 769 1146 in
795 1089 1017 1146 recentioribus
1041 1088 1165 1162 quidem
1190 1087 1357 1146 carminum

186 1198 326 1275 partibus
361 1195 458 1253 ullum
492 1196 660 1273 vestigium
689 1199 738 1253 est
763 1195 876 1272 (Kriig.
900 1195 935 1253 P.
961 1194 991 1253 S.
1018 1196 1069 1271 67,
1098 1196 1148 1272 12,
1174 1195 1219 1271 5).
1266 1192 1358 1252 Unde

186 1323 253 1362 meo
289 1303 412 1378 quidem
436 1302 551 1379 judicio
577 1307 705 1379 apparet
729 1304 901 1378 posteriore
925 1307 1063 1378 temporo
1088 1305 1142 1359 aut
1166 1306 1250 1360 certe
1274 1301 1357 1358 haud

186 1414 231 1468 ita
254 1410 350 1469 multo
375 1411 549 1484 antiquiore
573 1430 641 1468 eum
666 1415 698 1467 et
723 1415 866 1467 exortum
890 1428 957 1468 esse
983 1413 1014 1468 et
1039 1415 1179 1467 exortum
1200 1429 1311 1484 magna
1326 1409 1358 1466 vi

187 1538 220 1576 se
245 1537 443 1594 propagasse.
491 1517 524 1574 si
547 1517 604 1574 hoc
627 1517 885 1593 reputaverimus,
911 1517 1018 1573 mirum
1042 1536 1101 1574 non
1126 1516 1284 1574 videbitur
1305 1515 1357 1573 So-

185 1625 303 1702 phoclis
328 1626 520 1700 temporibus
544 1623 620 1681 illud
645 1643 726 1682 nova
750 1623 948 1700 expugnandi
959 1623 1101 1681 'studium
1116 1622 1250 1681 nondum
1266 1622 1358 1698 plane

186 1733 370 1789 exstinctum
396 1750 475 1789 esse.
522 1729 624 1804 Hujus
648 1729 774 1788 dilatati
798 1749 873 1788 usus
898 1731 979 1807 apud
1004 1730 1188 1807 Sophoclem
1212 1735 1358 1803 quattuor

187 1838 327 1914 exempla
362 1844 444 1911 sunt,
484 1856 552 1911 quae
586 1838 723 1907 viventis
757 1837 870 1914 linguae
905 1838 1036 1913 vestigia
1073 1832 1141 1894 cum
1175 1836 1358 1910 quibusdam

187 1946 288 2003 acutis
323 1943 498 2002 hominibus
534 1944 641 2002 tollere
674 1944 749 2002 mihi
784 1964 976 2019 nequaquam
1004 1944 1116 2020 placet,
1146 1945 1206 2001 tria
1231 1943 1357 2001 similia:

188 2051 223 2110 O.
249 2052 289 2109 R.
310 2053 348 2108 12
366 2071 390 2109 s.
417 2049 607 2131 ἀεσάίγητος
630 2052 669 2112 ἀν
692 2051 758 2130 clip
780 2052 828 2132 μὴ
854 2053 897 2112 οὐ
914 2053 1155 2132 κατοικτίρων.
1184 2050 1221 2107 V.
1241 2052 1305 2108 220
1321 2049 1358 2111 ori

125 2186 128 2193 ’
187 2158 246 2238 γὰρ
270 2160 309 2220 ἀν
332 2157 461 2238 μακρὰν
485 2159 606 2239 ἴχνευον
628 2160 676 2241 μὴ
703 2160 771 2221 οὐκ
794 2159 936 2241 ἔχωντι
959 2156 1125 2238 σύμβολον.
1173 2154 1208 2213 Ο.
1235 2155 1268 2213 O.
1294 2157 1357 2214 359

187 2286 211 2324 s.
249 2266 285 2328 ori
319 2264 393 2346 κενὴ
429 2266 514 2346 ἥκεις
531 2305 544 2314 -
563 2305 576 2314 -
595 2267 672 2348 -μὴ
707 2266 790 2348 οὐχὶ
819 2265 897 2345 δεῖμ’
924 2264 992 2344 ἐμοὶ
1016 2266 1176 2347 φέρουσά
1199 2286 1233 2323 τι.
1280 2263 1358 2321 Ηεεα

187 2372 287 2431 omnia
321 2372 460 2450 proxime
485 2373 524 2430 ad
548 2372 782 2431 similitudinem
805 2393 910 2432 aarum
934 2373 1134 2445 locutionum,
1160 2390 1236 2446 quas
1259 2372 1358 2448 primo

188 2481 262 2557 dixi,
287 2478 421 2537 formata
443 2479 590 2537 videntur
613 2499 693 2538 esse.
732 2479 822 2537 Certe
847 2479 878 2536 in
901 2481 998 2556 primo
1023 2479 1171 2554 exempl0,
1197 2479 1224 2534 si
1245 2475 1358 2538 ἀναάί-

188 2607 279 2667 γητον
301 2587 340 2647 ἂν
364 2587 409 2666 εἴη
433 2585 478 2666 μὴ
503 2586 539 2647 οὐ
563 2586 763 2664 κατοικτίρειν
786 2592 876 2660 poeta
902 2586 1042 2661 dixisset,
1069 2586 1226 2642 sententia
1251 2583 1358 2641 eadem

187 2700 281 2752 esset.
314 2693 422 2767 Neque
447 2706 551 2751 cetera
574 2691 703 2749 multum
727 2691 907 2768 discrepant
932 2690 1071 2771 ίμακράν
1094 2690 1224 2770 ἰχνεύειν
1247 2689 1358 2770 βουλα-

186 2801 275 2879 μένῳ
310 2800 368 2880 αίιχ
402 2799 468 2861 οἶόν
502 2822 533 2860 τε
564 2797 608 2879 μὴ
643 2799 701 2861 οὐκ
730 2799 809 2878 ἔχειν
827 2838 839 2846 -
858 2838 871 2847 -
889 2803 921 2856 et
945 2799 1064 2877 ἥκουσα
1094 2797 1130 2859 οίι
1154 2796 1285 2856 δύνασαι
1312 2795 1357 2875 μὴ

187 2907 223 2968 οὐ
259 2906 339 2986 δεῖμ’
376 2906 446 2986 ἐμοὶ
474 2906 580 2986 φέρειν
602 2906 652 2983 τι).
677 2904 733 2964 Cir
757 2905 907 2982 exempla,
933 2925 1001 2981 quae
1025 2905 1152 2981 Kriiger
1175 2904 1241 2961 Att.
1268 2903 1357 2978 Synt.

188 3015 240 3087 67,
279 3016 329 3088 12,
366 3016 384 3072 9
420 3012 520 3088 affert,
549 3033 618 3088 quae
643 3014 743 3071 omnia
767 3012 905 3089 ejusdem
928 3012 1053 3089 generis
1078 3018 1157 3069 sunt.
1208 3010 1358 3080 Quartum

188 3119 361 3195 exemplum
396 3128 445 3178 est
468 3118 503 3178 Ο.
529 3119 568 3177 R.
594 3120 634 3178 57
660 3120 779 3199 ἕρημος
803 3119 931 3198 ἀνδρῶν
953 3120 1001 3202 μὴ
1027 3118 1261 3189 ξιιναικαύνταιν
1284 3117 1358 3186 ἔσω,

187 3229 240 3286 ubi
264 3227 383 3307 ἔρημος
406 3226 535 3306 ἀνδρῶν
558 3226 790 3298 ξυναικαιῖντανν
814 3228 979 3285 sententiae
1003 3224 1128 3302 sufficit,
1153 3225 1209 3283 sed
1232 3230 1359 3300 propter

187 3334 318 3392 eandem
342 3312 545 3411 cupiditatem
568 3333 745 3410 negativam
768 3336 830 3392 vim
856 3334 990 3411 augendi
1013 3333 1167 3410 particula
1186 3332 1231 3411 μή
1250 3329 1358 3388 addita

189 3450 246 3498 est.
284 3440 502 3517 Comparemus
527 3442 676 3518 exempla,
702 3442 808 3515 qualia
832 3450 917 3499 sunt:
935 3442 985 3499 Ai.
1003 3443 1068 3498 464
1088 3437 1208 3519 γυμνὸν
1224 3438 1359 3518 φανέντα

188 3551 252 3607 τῶν
288 3546 449 3624 ἀριστείων
485 3549 574 3631 ἄτερ.
621 3548 696 3607 Ant.
721 3550 785 3606 445
815 3546 887 3622 ἔξω
911 3549 1039 3629 βαρείας
1063 3547 1159 3613 αἰτίας
1183 3544 1359 3622 ἐλεύθερον.

189 3654 236 3711 Ac
259 3672 298 3711 ne
322 3655 352 3710 in
377 3653 538 3712 infinit1vis
563 3655 685 3729 quidem
708 3656 762 3714 ille
786 3657 964 3732 negantium
979 3654 1200 3732 particularum
1217 3651 1359 3728 pleonas-

188 3781 256 3818 mus
291 3779 418 3836 prorsus
453 3760 612 3819 stabilitus
648 3768 724 3820 erat.
773 3762 824 3820 Sic
847 3762 960 3838 legitur
984 3762 1035 3819 Tr.
1065 3763 1125 3819 742
1151 3760 1187 3820 ὃν
1211 3759 1269 3838 οὐχ
1294 3757 1360 3818 αῖόν

188 3891 220 3927 τε
253 3866 298 3948 μὴ
334 3866 522 3946 τελεσθῆναι,
558 3888 666 3943 neque,
700 3876 735 3926 ut
758 3869 869 3928 Nauck
893 3868 1015 3946 suadet,
1038 3869 1075 3928 οὗ
1100 3867 1275 3926 addendum
1300 3871 1358 3923 est.

189 3974 262 4032 Alia
297 3974 438 4050 exempla
473 3973 673 4032 inveniuntur
708 3976 758 4033 Αἰ.
796 3977 847 4051 71),
885 3977 937 4050 as,
968 3974 1003 4034 Ο.
1034 3975 1074 4034 Β.
1107 3977 1179 4048 129,
1213 3974 1295 4031 1387
1322 3992 1359 4047 a,

189 4083 264 4140 Ant.
291 4084 364 4156 977,
391 4081 442 4140 Tr.
468 4083 520 4158 90,
546 4084 619 4154 226,
648 4083 742 4156 1257,
766 4083 845 4140 Phil.
874 4084 945 4159 118,
972 4084 1045 4159 349,
1093 4083 1167 4140 407.
