3210 4912
1306 251 1344 306 21

215 418 361 472 naturum
384 410 496 470 fuisse.
534 409 622 480 Quod
648 409 807 485 Campbell
832 409 930 487 (adn.)
957 407 1035 466 dicit
1057 429 1100 489 με
1123 407 1204 487 πρὸς
1227 407 1261 468 τὸ
1279 431 1392 488 σιγμαι-

215 520 346 599 νόμενον
381 521 448 596 regi
478 522 545 576 tota
575 518 729 576 locutione
754 515 838 576 πόδα
862 517 996 595 κρύφον,
1021 515 1103 589 quod
1128 514 1209 573 idem
1233 517 1275 573 sit
1301 521 1393 590 atque

216 626 347 707 (λάθρᾳ)
373 625 515 705 ύπέξαγε,
540 625 597 682 hoc
623 622 821 682 artificiosius
845 643 936 697 quam
960 624 1063 680 verius
1087 621 1221 681 videtur.

359 889 431 954 111.
479 893 528 950 De
557 893 812 951 assimilatione
841 893 980 950 formali
1005 892 1040 948 in
1065 891 1249 960 adjectivis

682 998 930 1064 attribuendis.

304 1157 337 1216 Si
372 1158 530 1232 genitivus
566 1158 760 1215 substantivo
797 1155 961 1232 adjunctus
997 1162 1056 1231 est,
1092 1154 1247 1212 interdum
1283 1154 1327 1232 fit,
1358 1163 1394 1212 ut

216 1264 414 1343 adjectivum,
451 1262 533 1337 quod
568 1265 685 1321 rectius
721 1263 760 1321 ad
795 1264 967 1340 genitivu-m
1003 1260 1200 1320 referendum
1229 1273 1306 1337 erat,
1332 1264 1391 1339 pri-

215 1371 312 1430 mario
336 1369 453 1428 nomini
478 1370 678 1445 assimiletur,
704 1369 787 1444 quod
810 1389 870 1426 non
895 1375 960 1426 tum
983 1367 1072 1426 modo
1096 1368 1140 1444 fit,
1164 1388 1232 1426 cum
1249 1371 1393 1427 substan-

216 1481 280 1537 tiva
303 1478 357 1536 illa
382 1477 632 1552 compositionem
658 1476 813 1551 quandam
831 1474 978 1552 efficiunt,
997 1476 1054 1534 scd
1071 1477 1167 1534 etiarn
1185 1477 1212 1534 si
1228 1477 1392 1551 utriusque

215 1587 299 1644 notio
335 1585 418 1643 clare
446 1585 568 1645 eminet,
617 1582 664 1641 De
694 1588 760 1640 tota
789 1602 821 1640 re
851 1580 958 1640 confer
982 1582 1109 1641 Wilam.
1136 1557 1210 1640 Eur.
1236 1582 1392 1641 Herakles

218 1691 308 1749 adv.
334 1691 408 1748 468.
456 1690 535 1747 Haec
570 1689 710 1766 exempla
744 1691 863 1748 inveni:
893 1689 943 1746 Ai.
970 1691 989 1746 8
1013 1687 1109 1755 κυνὸς
1132 1690 1272 1772 εὔρινος
1294 1690 1392 1769 βάσις,

220 1816 272 1873 pro
308 1795 401 1864 κυνὸς
437 1796 558 1874 εὐρίνον
594 1795 691 1876 βάσις.
738 1795 812 1853 Ant.
840 1797 902 1854 793
932 1801 1032 1862 νεῖκος
1059 1795 1187 1874 ἀνδρῶν
1211 1794 1391 1878 ξύναιμον,

219 1922 274 1980 pro
298 1903 465 1982 ξυναίμανν.
501 1903 626 1977 Fragm.
655 1903 714 1959 731
741 1923 769 1960 v.
796 1905 814 1960 3
840 1922 863 1960 s.
889 1901 1008 1980 ἀνδρὸς
1032 1901 1109 1981 αἷμα
1134 1903 1295 1985 συγγενὲς
1314 1902 1391 1963 κτεί-

219 2032 281 2077 νας.
328 2009 363 2068 0.
390 2008 423 2068 O.
450 2011 514 2068 297
537 2013 704 2091 πατρῷον
728 2009 803 2070 ἄστυ
828 2014 891 2088 γᾶς.
938 2010 987 2067 Ai.
1013 2009 1078 2067 860
1101 2012 1269 2091 πατρῷον
1294 2010 1392 2077 ἑστίας

216 2116 349 2196 βάθρον.
397 2116 447 2174 Tr.
474 2117 538 2174 817
563 2135 587 2175 s.
617 2116 712 2195 ὄγκον
736 2116 892 2195 ὀνόματος
914 2119 1089 2198 μητρῷον.
1136 2116 1211 2174 Ant.
1238 2117 1301 2173 862
1325 2137 1392 2199 μα-

216 2226 325 2304 τρῷαι
360 2222 499 2302 λέκτρων
534 2221 608 2283 ἆται.
660 2222 695 2282 Ο.
726 2223 765 2282 R.
799 2225 857 2281 161
896 2218 1074 2304 κυκλόεντ’
1113 2223 1229 2301 ἀγορᾶς
1264 2222 1390 2302 θρόνον.

217 2330 252 2388 0.
279 2330 318 2388 R.
347 2331 431 2388 14s0
465 2331 598 2412 τούμὸν
630 2329 706 2410 αἷμα
734 2329 859 2409 πατρὸς.
907 2329 955 2387 El.
989 2331 1073 2387 1390
1100 2329 1232 2412 τούμὸν
1265 2335 1392 2409 φρενῶν

216 2437 343 2515 ὄνειρον.
390 2437 441 2495 Tr.
479 2437 543 2494 964
576 2438 676 2508 ξένων
707 2433 868 2519 ἐξόμιλος
890 2436 989 2516 βάσις.
1037 2435 1084 2493 ΕΙ.
1111 2438 1174 2493 492
1205 2455 1228 2494 s.
1255 2432 1388 2520 ἄλεκτρ’

215 2544 362 2624 ἄνυμφα
381 2577 394 2588 -
410 2542 591 2635 μιαιφόνων
615 2544 727 2623 γάμων
751 2542 955 2623 αἳμιλλήματα.
992 2543 1056 2599 Ant
1081 2543 1145 2599 980
1168 2541 1288 2623 ματρὸς
1305 2544 1390 2623 ἔχον-

214 2672 261 2717 τες
285 2651 510 2732 ἀνύμφευτον
535 2649 628 2728 γονάν
654 2650 747 2727 (Jebb
772 2651 802 2706 in
828 2649 897 2708 adn.
926 2647 1061 2723 “having
1085 2648 1167 2706 their
1191 2651 1292 2724 origin
1312 2648 1392 2707 from

216 2775 255 2814 an
279 2756 450 2834 unhappily
467 2792 478 2800 -
495 2756 630 2815 married
653 2756 815 2834 mother'⁴).
853 2756 888 2814 Ο.
915 2756 954 2813 R.
983 2755 1066 2813 1375
1092 2775 1117 2813 s,
1143 2756 1161 2835 ἡ
1186 2756 1305 2816 τύκντον
1322 2756 1388 2836 δῆτ’

197 2862 289 2941 ,ὄφις
322 2861 361 2942 ἦν
389 2863 545 2942 ἐφίμερος,
574 2859 760 2945 βλαστοῦσ’
788 2862 878 2935 ὅπως
901 2861 1036 2943 ἔβλαστε,
1060 2863 1114 2919 ubi
1138 2864 1291 2920 sententia
1314 2862 1390 2942 fiin-

214 2969 351 3029 στόντῶν
385 2969 525 3044 requirit.
574 2968 608 3029 Ο.
634 2969 667 3028 6.
695 2971 757 3028 266
793 2989 817 3027 s.
847 2967 882 3029 τὰ
918 2970 993 3048 ἔργα
1021 2992 1083 3048 μον
1107 2963 1303 3031 πεπονθότ’
1331 2968 1391 3029 ἐστὶ

213 3074 331 3154 μᾶλλον
355 3077 374 3155 ἢ
399 3073 593 3160 δεδρακότα
616 3097 671 3153 pro
694 3058 890 3143 πεπονθότος
913 3078 932 3155 ἢ
958 3075 1153 3154 δεδρακότος.
1191 3076 1227 3135 Ο.
1246 3077 1283 3134 R.
1305 3066 1410 3133 1214'

215 3202 239 3244 s.
265 3179 318 3243 τδν
350 3183 473 3262 ἄγαμον
501 3184 601 3262 γάμον
624 3191 812 3245 τεκνοῦντα
836 3182 888 3243 καὶ
911 3184 1145 3264 τεκνούμενον
1167 3203 1221 3259 pro
1245 3188 1387 3245 τεκνοῦν-

214 3312 266 3356 τος
289 3289 341 3349 καὶ
364 3290 581 3369 τεκνονμένον.
600 3326 641 3332 --
658 3290 708 3348 Ab
733 3290 782 3348 his
807 3288 955 3365 exemplis
978 3309 1040 3346 non
1063 3289 1192 3346 multum
1217 3287 1323 3347 differt
1339 3289 1388 3346 Ai.

214 3396 255 3451 49
292 3394 340 3456 ε’πὶ
375 3388 510 3468 δισσαῖς
544 3397 736 3476 στραττγγίσιν
771 3395 891 3465 πύλαις,
928 3395 1010 3470 quod
1044 3395 1169 3454 videtur
1201 3395 1284 3453 idom
1318 3415 1389 3454 esse

215 3506 308 3575 atque
344 3501 392 3562 ἐπὶ
428 3501 544 3563 δισσῶν
579 3507 761 3582 στρατηγῶν
795 3501 915 3570 πύλαις.
964 3501 1080 3560 Confer
1105 3503 1197 3559 etiam
1222 3502 1302 3558 haec:
1339 3501 1388 3559 El.

217 3611 298 3667 1071
330 3606 437 3691 διπλῆ
462 3609 597 3689 φύλοπις
614 3640 645 3656 z
665 3608 783 3669 διπλῶν
806 3609 926 3669 τέκνων
950 3607 1090 3688 φύλοπις.
1138 3607 1174 3666 Ο,
1200 3608 1239 3665 R.
1267 3608 1327 3663 122
1353 3607 1389 3668 οὐ

213 3720 276 3799 μιᾷ
300 3717 394 3797 ῥώμῃ
416 3748 445 3764 =
464 3717 521 3796 οὐχ
545 3714 615 3782 ἑνὸς
638 3716 741 3795 ῥώμῃ.
775 3715 849 3773 Ant.
879 3716 940 3773 767
957 3720 1029 3782 νοῦς
1044 3710 1250 3796 τηλικοῦτος
1269 3743 1299 3760 =
1317 3718 1390 3780 ναῦς

213 3822 401 3902 τηλικούτου.
448 3823 499 3881 Ai.
526 3818 801 3900 ὃῦιπολύκερων
825 3821 923 3900 φόνον
942 3852 973 3868 =
990 3820 1177 3898 πολύκερανν
1202 3819 1235 3899 (i.
1263 3839 1288 3877 e.
1314 3818 1389 3880 πολ-

213 3928 278 3990 λῶν
312 3929 364 3989 καὶ
392 3928 617 4007 κερασφόρῶν)
644 3929 739 3999 ζώων
763 3928 870 4008 φόνον.
919 3928 996 3986 Cum
1019 3928 1076 3984 hoc
1100 3927 1167 3984 loco
1191 3926 1284 4001 vulgo
1310 3945 1389 3983 com-

213 4040 341 4111 paratur
375 4035 425 4092 Ai.
463 4036 505 4092 64
540 4036 566 4093 a
596 4012 659 4093 297
689 4036 829 4114 εύκερῶν
853 4036 960 4114 ἄγραν.
1008 4033 1070 4092 Sed
1094 4035 1126 4091 in
1150 4034 1208 4091 hac
1232 4033 1388 4091 locutione

214 4147 371 4199 structura
405 4140 529 4200 facilior
564 4149 621 4216 est,
657 4143 731 4216 quia
765 4163 877 4201 nomen
912 4142 1012 4220 ι’ίγραν
1046 4141 1115 4218 ipsa
1149 4160 1262 4218 pecora
1298 4145 1389 4216 capta

213 4246 379 4325 significat.
417 4284 457 4291 —
487 4247 629 4323 Denique
660 4248 798 4324 ejusdcm
833 4248 900 4307 fere
936 4249 1057 4324 generis
1094 4256 1143 4307 est
1173 4249 1338 4328 11116863
1363 4268 1387 4306 s.

213 4355 392 4435 κοιμήματα
428 4357 663 4438 αὐτογέννητα
697 4355 772 4435 ἀμῶ
799 4355 890 4433 πατρὶ
919 4353 1082 4434 δνσμόρον
1106 4354 1235 4434 ματρός,
1261 4356 1313 4412 ubi
1337 4373 1389 4412 ex·
