3210 4912
1303 318 1343 374 29

212 478 313 559 γένος
347 474 436 541 ναΐας
471 472 599 554 ἀρωγὸν
634 475 752 553 τέχνας,
789 474 876 534 ἅλιον
906 476 944 547 ὃς
968 474 1084 555 ἐπέβας
1107 474 1238 536 ἑλίσσων
1261 475 1389 536 πλάταν.

214 581 249 640 Ο.
277 582 309 640 (i.
339 583 421 640 1092
447 579 475 642 ὦ
500 578 629 662 διδύμα
657 582 778 641 τέκνων
808 583 940 663 ἀρίστα,
967 581 1020 639 ubi
1045 602 1150 640 omnes
1173 582 1240 641 fere
1266 583 1390 641 eodiees

213 695 357 748 neutrum
386 688 611 764 adjectivorum
634 689 784 763 praebent,
811 687 947 745 editores
972 694 1076 746 autem
1099 688 1240 763 plerique
1266 689 1306 745 ad
1330 709 1390 746 rne-

214 802 294 853 trum
323 794 549 873 restituendum
573 793 756 852 femininum
780 796 981 871 seripserunt.
1018 795 1066 851 El.
1093 797 1156 853 206
1181 815 1206 852 s.
1233 794 1389 875 διδύμαιν,

214 907 339 982 χειροῖν,
375 903 432 961 αἳ-
447 941 460 949 -
475 921 509 949 -·
540 896 594 972 οἷς
627 898 704 967 ’δεδς
736 900 754 960 ὁ
786 900 889 979 μέγας
914 898 1090 980 Ὀλύμπιος
1121 902 1251 982 ποίνιμα
1283 902 1390 963 πάθεα

214 1008 329 1068 παθεῖν
364 1007 467 1085 πόροι,
516 1004 630 1064 Confer
665 1007 696 1062 in
730 1007 827 1064 latino
852 1024 992 1064 sermone
1021 1010 1144 1084 “capita
1169 1007 1390 1083 conjurationis

188 1117 292 1189 κινού,
325 1105 506 1190 monstrum,
532 1115 615 1188 quit
664 1111 778 1171 Confer
801 1112 878 1170 Phil.
906 1114 968 1170 497
995 1132 1019 1170 s.
1043 1114 1085 1174 τὰ
1107 1119 1178 1175 τῶν
1202 1111 1390 1193 διακόνων,

214 1221 260 1288 ὡς
283 1220 375 1290 εἰκός,
401 1218 496 1298 οἶμαι,
520 1217 640 1298 τούμὸν
664 1219 697 1279 ἐν
722 1226 848 1299 σμικρῷ
871 1220 971 1298 μέρος
986 1222 1198 1302 ποιούμενοι
1213 1218 1267 1281 τὸν
1284 1220 1388 1280 οἴκαδ’

213 1330 363 1410 ἤπειγον
387 1325 506 1396 στόλον,
531 1328 584 1384 ubi
608 1326 893 1401 quomodocumque
917 1326 997 1384 illud
1021 1326 1057 1387 roi
1080 1331 1145 1387 τῶν
1162 1327 1321 1388 διακόνιον
1340 1348 1389 1385 ex·
1479 1321 1482 1327 ’

132 1442 134 1446 ’
214 1433 400 1511 planandum
437 1438 493 1507 est,
530 1440 561 1491 et
592 1440 673 1510 part.
698 1433 889 1518 7ποιούμενοι
912 1438 943 1492 et
968 1435 1095 1492 verbum
1117 1433 1238 1491 finitum
1263 1435 1390 1513 ἤπειγον

215 1540 388 1617 subjectum
413 1541 544 1614 requirit
568 1541 597 1600 oi
621 1533 771 1600 διάκονοι.

224 1652 227 1657 ’
301 1646 335 1730 β.
383 1647 499 1705 Similis
534 1645 602 1705 fere
630 1647 710 1704 ratio
734 1652 792 1721 est,
818 1647 900 1703 siin
924 1646 1123 1722 impersonali
1147 1648 1282 1722 notione,
1308 1648 1390 1720 quod

213 1755 369 1814 interdum
392 1754 436 1830 fit,
461 1774 560 1831 genus
584 1759 731 1829 mutatur,
757 1773 803 1811 ex.
828 1773 874 1829 gr.
900 1753 979 1811 Phil.
1007 1754 1080 1829 758,
1106 1754 1157 1810 ubi
1178 1764 1249 1830 post
1264 1753 1389 1833 νόσημα

214 1862 300 1942 αὕτη
326 1862 477 1937 sequitur,
502 1860 571 1919 ideo
596 1859 688 1918 eredo
713 1860 795 1933 quod
818 1860 849 1915 in
874 1859 1054 1916 Graeeorum
1079 1861 1187 1917 animis
1211 1858 1390 1918 femininum

215 1969 304 2042 quasi
340 1966 483 2024 naturale
518 1987 618 2044 genus
653 1967 788 2025 notionis
821 1967 920 2023 morbi
945 1972 1020 2028 erat.
1071 1965 1180 2025 Confer
1204 1967 1253 2024 Tr.
1280 1968 1389 2049 98λῆ

214 2074 243 2134 δ’
270 2071 310 2134 αὖ
334 2072 432 2153 μιαρὰ
457 2073 576 2154 βρύκει,
601 2075 654 2131 ubi
677 2075 701 2155 ἥ
725 2074 792 2130 sine
818 2074 1013 2132 substantivo
1039 2074 1078 2131 ad
1101 2077 1240 2133 morbum
1256 2080 1389 2151 spectat.

213 2181 294 2239 Item
322 2179 379 2259 ἥδε
410 2180 480 2259 (Ph.
512 2182 588 2258 eui)
620 2185 652 2239 et
681 2179 758 2259 αὕτη
791 2180 859 2258 (Ph.
892 2180 968 2257 758)
999 2181 1037 2239 de
1061 2183 1165 2239 morbo
1190 2187 1388 2258 usurpantur.

213 2287 283 2345 Non
306 2288 397 2361 longe
423 2289 511 2345 abest
534 2287 613 2346 Phil.
642 2288 737 2364 1439,
763 2288 817 2344 ubi
835 2287 1038 2345 antecedente
1055 2290 1178 2346 nomine
1189 2287 1290 2358 Ἴλιον,
1309 2288 1390 2363 quod

214 2395 236 2452 J
239 2397 297 2454 ebh
322 2395 484 2454 contendit
507 2401 579 2471 post
602 2394 770 2453 Homerum
794 2396 937 2452 neutrius
954 2395 1077 2468 generis
1095 2413 1174 2472 esse,
1192 2400 1286 2472 poeta
1302 2394 1389 2454 semi-

213 2504 319 2559 ninum
351 2503 449 2582 αὐτήν
482 2503 605 2579 posuit·
621 2502 766 2558 nimirum
791 2500 829 2558 de
854 2501 974 2558 nomine
1002 2499 1096 2580 Τροία
1120 2500 1171 2559 vel
1194 2477 1284 2568 πόλις
1308 2503 1390 2578 eogi-

215 2619 292 2667 tans.
340 2608 441 2666 Simili
475 2608 564 2666 modo
600 2607 761 2666 Delbriioh
793 2613 885 2683 putat
913 2626 1139 2681 nonnumquam
1168 2606 1286 2665 lautum
1310 2627 1389 2685 esse,

213 2721 249 2774 ut
271 2736 386 2792 genera
409 2715 565 2772 nominum
588 2733 717 2790 prorsus
738 2719 989 2790 permutarentur
1007 2713 1389 2792 (i‘Geschlechtswechsel

213 2824 246 2879 in
279 2821 375 2896 Folge
409 2841 470 2879 von
505 2821 734 2895 Ver'anderung
770 2821 826 2879 der
860 2823 989 2879 inneren
1023 2817 1252 2897 Spraohform“.
1300 2820 1388 2896 Synt.

213 2929 339 2986 Forsoh‘.
365 2929 412 2987 IV
436 2949 505 3006 pag.
533 2931 551 2987 6
577 2948 619 2987 ss.
669 2926 724 2985 Oh
748 2928 854 3004 Vergl.
880 2929 967 3004 Synt.
993 2949 1062 3004 pag.
1092 2928 1179 3005 132).

303 3192 383 3257 vll.
431 3198 480 3255 De
504 3196 759 3256 assimilatione
784 3196 870 3254 reali
896 3198 1037 3253 numeri
1062 3194 1112 3272 (et
1136 3193 1299 3271 generis).

302 3378 334 3417 α.
382 3356 552 3415 Colleotiva
590 3376 673 3432 saepe
710 3360 744 3412 ut
780 3353 914 3432 pluralia
950 3358 1180 3412 construuntur.
1239 3352 1390 3428 Exempla

213 3471 298 3522 sunt:
330 3463 365 3522 Ο.
393 3463 426 3521 O.
455 3464 540 3521 1070
569 3459 719 3544 ἅμβαστς
747 3463 784 3522 οἳ
809 3465 948 3540 τιμῶσιν.
995 3460 1078 3519 Phil.
1109 3461 1172 3517 356
1198 3479 1221 3517 s.
1248 3460 1391 3542 στρατὸς

212 3575 275 3637 πᾶς
299 3570 463 3650 ἠσπάζετο,
488 3571 663 3651 ὀμνύντες.
699 3569 822 3645 Fragm.
842 3569 905 3626 695
922 3567 1031 3650 χορὸς
1047 3567 1076 3627 δ’
1097 3565 1248 3626 αἰναύδων
1264 3564 1389 3645 ἰχθύων

128 3657 134 3667 ’
213 3677 389 3757 ἕπερρόδει,
419 3679 596 3748 σαίνοντες
625 3676 689 3753 (vel
712 3674 816 3752 potius
841 3677 1003 3737 σαίνουσι
1027 3674 1056 3734 δ’
1081 3672 1222 3731 Nauokio
1247 3672 1388 3749 auctore)

213 3784 365 3863 σι”ραίοισι
399 3785 455 3864 τὴν
489 3783 693 3863 κεκτημένην.
740 3783 813 3841 Ant.
847 3782 908 3840 707
938 3801 981 3839 ss.
1007 3782 1100 3852 ὅστις
1118 3812 1131 3824 -
1150 3812 1164 3824 -
1183 3773 1345 3840 -οὗτοι-
1364 3811 1389 3839 ·.

212 3890 291 3949 Phil.
318 3893 380 3950 305
407 3911 448 3950 ss.
473 3890 540 3969 τάχ’
568 3887 625 3950 οὖν
647 3911 698 3962 τις
715 3887 875 3969 (mongon)
894 3888 986 3948 ἄκων
1009 3888 1081 3967 ἔσχε
1098 3926 1111 3935 -
1130 3926 1142 3935 -
1161 3926 1174 3935 -
1193 3880 1299 3948 οὗτοι.
1336 3885 1387 3942 Ai.

212 3999 277 4082 '758
302 4018 343 4056 ss.
368 3998 410 4058 τὰ
432 3994 563 4075 περισσὰ
587 3995 728 4075 euveum
753 3996 896 4076 σώματα
910 4033 923 4042 -
941 4033 954 4042 -
973 3995 1124 4066 -ὅστις-
1139 4032 1151 4041 -
1167 4032 1188 4052 -.
1236 3992 1282 4050 ΕΙ.
1304 3993 1388 4050 1505

213 4125 237 4162 s.
262 4112 335 4177 τοῖς
357 4111 495 4165 πᾶσιν·
513 4104 615 4175 ὅστις.
662 4101 811 4177 Ejusdem
839 4100 907 4160 fere
936 4099 1061 4178 generis
1087 4107 1135 4158 est
1158 4100 1232 4157 Ant.
1262 4101 1343 4157 1021
1363 4118 1387 4156 s,

213 4205 290 4272 οὐδ’
329 4212 425 4293 ὅρνις
459 4209 618 4289 εύσύμονς
653 4207 863 4288 ἀπορροιβδεῖ
894 4206 1014 4287 βοάς,--
1037 4203 1215 4289 βεβρῶτες
1233 4238 1257 4265 -.
1308 4203 1388 4262 Nam

213 4315 295 4375 idern
331 4322 381 4374 est
416 4326 508 4390 atque
543 4314 597 4375 καὶ
632 4313 734 4382 οὐδεὶς
769 4314 854 4394 ὄρνις
889 4315 938 4372 vel
966 4313 1019 4374 καὶ
1048 4314 1077 4373 oi
1105 4312 1232 4391 ὄρνιθες
1256 4311 1315 4395 oria
1334 4350 1346 4359 -
1365 4349 1387 4370 -.

213 4421 318 4480 Simile
354 4422 525 4498 exemplum
561 4421 642 4479 Phil.
680 4421 743 4477 440
775 4440 800 4479 S.
829 4416 935 4481 οὐδέν
967 4441 1020 4479 πω
1044 4420 1156 4488 κακόν
1180 4418 1208 4496 γ’
1234 4416 1387 4487 ἀπώλετο,
