3210 4912
375 275 416 331 30

329 434 395 495 ἀλλ’
422 433 455 495 εἶν
479 433 728 513 περιστέλλσιισιν
752 436 840 497 αὐτὰ
864 434 1019 514 δαίμονες.
1067 432 1183 493 Confer
1208 433 1244 494 Ο.
1270 433 1303 492 O.
1329 436 1424 511 1453,
1450 435 1504 492 ubi

328 548 435 603 ταῦτα
460 540 498 599 ad
523 541 708 600 antecedens
733 540 827 602 οὐδὲν
851 539 989 622 ἀξίωμα
1013 540 1177 619 δαιμόνων
1200 539 1347 600 refertur.
1388 542 1504 600 Memo-

328 649 457 707 rabilius
491 652 617 725 propter
652 649 815 706 intricatas
839 649 921 705 inter
945 668 978 705 se
1004 647 1197 706 collectivam
1222 654 1253 706 et
1277 648 1427 724 pluralem
1451 668 1504 706 no·

326 757 427 814 tiones
463 761 510 813 est
545 755 595 812 Αἱ.
632 755 697 837 234
732 773 756 812 s.
792 757 959 835 ποίμνην,
989 746 1047 815 ὧν
1070 755 1133 835 τὴν
1155 753 1219 835 μὲν
1243 754 1307 814 ἔσω
1332 753 1428 833 σφάξ’
1455 753 1504 814 ἐπὶ

327 862 425 940 γαίας,
450 862 496 922 τὰ
520 858 589 923 δὲ·
604 900 627 918 -.
658 862 706 918 Ab
731 861 779 918 his
804 861 951 937 exemplis
975 880 1037 918 non
1060 861 1190 918 multum
1208 860 1353 918 abhorret
1370 860 1420 918 Tr.
1440 862 1503 919 547

326 988 368 1026 ss.
394 968 464 1046 ὁρῶ
488 967 548 1046 γὰρ
571 965 667 1049 ἥβην
690 966 746 1047 τὴν
769 966 828 1047 μὲν
852 968 1013 1046 ἔρασυσαν
1033 966 1156 1045 πρόσω,
1177 965 1233 1046 τὴν
1251 966 1286 1027 δὲ
1302 967 1502 1046 φιλίνσιισαν·

327 1068 378 1137 ὧν
402 1074 602 1154 ἀφαρπάζειν
626 1074 711 1154 φιλεῖ
730 1073 902 1154 ὀφθαλμὸς
926 1074 1035 1144 ἀνδος,
1059 1080 1131 1136 τῶν
1155 1074 1184 1135 δ’
1207 1074 1392 1152 Ιιἰιτειιτρέιτει
1408 1073 1502 1134 πόδα.

327 1182 355 1238 Α
391 1182 584 1240 substantivo
614 1183 709 1241 abstr.
743 1182 826 1261 ἥβην
860 1201 947 1239 mens
970 1181 1127 1240 Deianirae
1153 1181 1193 1239 ad
1217 1182 1354 1239 homines
1377 1182 1502 1258 transit,

327 1288 380 1362 qui
416 1287 559 1346 dissimili
595 1294 687 1346 aetate
724 1297 805 1347 sunt.
854 1287 1033 1347 Relativum
1068 1285 1115 1349 ὧν
1145 1287 1184 1345 ad
1207 1290 1293 1365 prius
1317 1287 1396 1345 illud
1420 1288 1506 1367 ἥβηνΙ

326 1393 382 1475 τὴν
410 1394 469 1474 μὲν
497 1395 658 1473 ἕρπουσαν
682 1393 795 1473 πρόσω
820 1399 951 1472 spectat,
977 1415 1044 1454 cum
1070 1393 1179 1470 conjux
1202 1394 1350 1453 Herculis
1373 1395 1503 1454 maxime
1539 1389 1540 1392 ¹
1583 1410 1586 1415 ⁴

328 1503 366 1561 de
402 1501 472 1560 Iola
506 1499 629 1560 florenti
666 1522 701 1559 ac
737 1508 843 1560 tenera
878 1502 979 1578 puella
1016 1503 1140 1578 cogitet.
1188 1501 1231 1560 Et
1254 1522 1422 1578 pronomen
1445 1501 1502 1560 rel.

326 1628 419 1685 posse
453 1607 492 1666 ad
519 1609 607 1684 prius
636 1627 673 1665 ex
703 1608 823 1666 duobus
846 1607 1007 1666 vocabulis
1033 1607 1205 1683 conjunctis
1229 1606 1341 1666 referri
1365 1611 1504 1667 testimo·-

326 1716 376 1772 nio
410 1721 458 1774 est
494 1714 529 1773 Ο.
555 1713 588 1773 O.
615 1716 655 1772 86
681 1733 705 1773 s.
734 1711 856 1796 Φοίβῳ
884 1737 915 1774 τε
949 1713 1048 1794 κάμοὶ
1081 1713 1126 1794 μὴ
1153 1714 1282 1793 γένησθ’
1309 1714 1503 1794 ἀγνώμονες,

327 1824 366 1894 ὅς
392 1845 477 1902 μοι-
496 1861 517 1882 -.
565 1822 709 1881 Editores
746 1822 798 1879 alii
827 1822 918 1880 aliter
953 1823 1053 1880 locum
1089 1822 1264 1898 expediunt.
1315 1820 1370 1880 Ofr
1393 1821 1502 1898 fragm.

328 1931 388 1987 531
416 1928 536 2009 ἀνιγτλγν
561 1927 595 1989 δὲ
619 1931 728 2010 φύσιν
752 1928 812 2009 χρὴ
837 1928 938 2009 δνιγτά
963 1934 1102 2008 φρονεῖν,
1123 1935 1215 1989 τοῦτο
1232 1925 1442 2008 κατειδότας,
1458 1929 1505 1997 ὡς

327 2036 386 2096 οὐκ
411 2036 491 2096 ἔστιν
515 2033 596 2114 πλὴν
621 2033 695 2102 Διὸς
719 2034 822 2103 οὐδεὶς
845 2040 909 2096 τῶν
932 2035 1114 2114 μελλόντων
1137 2035 1258 2115 ταμίας,
1284 2035 1329 2096 ὅτι
1346 2035 1407 2115 χρὴ
1424 2059 1503 2096 τετε-

326 2142 445 2203 λέσθαι,
492 2142 596 2200 Primo
621 2161 715 2201 versu
739 2141 847 2201 Grotio
872 2149 997 2201 auctore
1022 2143 1242 2201 vocabulorum
1267 2143 1341 2200 ordo
1365 2148 1504 2202 mutatus

327 2256 384 2325 est,
410 2256 445 2307 ut
469 2255 600 2307 metrum
624 2251 812 2308 conveniret.

414 2353 449 2438 β.
496 2357 598 2414 Etiam
625 2362 695 2432 post
722 2357 953 2416 substantivum
975 2358 1007 2414 in
1031 2357 1182 2433 singulari
1207 2357 1245 2416 de
1270 2363 1357 2416 certo
1381 2357 1504 2415 homine

328 2468 380 2521 aut
405 2462 551 2521 decerta
575 2483 608 2521 re
632 2462 770 2540 positum
793 2483 853 2521 non
876 2483 946 2522 raro
971 2462 1015 2538 fit,
1041 2470 1075 2522 ut
1098 2483 1274 2539 pronomen,
1300 2463 1381 2538 quod
1406 2463 1446 2521 ad
1471 2463 1504 2522 id

327 2568 525 2629 referendum
561 2579 617 2646 est,
647 2570 680 2628 in
703 2570 818 2647 plurali
843 2590 968 2629 numero
992 2577 1134 2648 ponatur.
1183 2570 1370 2644 Plerumque
1394 2590 1504 2647 prono-

326 2678 408 2735 mina
442 2677 582 2746 ἑαυτούς,
611 2677 709 2747 αὐτοί,
735 2679 879 2757 σφέτεροι
902 2679 956 2737 illo
979 2678 1069 2737 modo
1094 2683 1285 2755 usurpantur
1311 2680 1320 2737 ί
1324 2678 1424 2754 Kriig.
1451 2679 1503 2753 58,

327 2785 357 2859 4,
383 2786 427 2861 3),
465 2784 521 2841 sed
556 2804 784 2858 nonnumquam
812 2786 908 2842 etiam
933 2785 1003 2843 alia.
1051 2785 1139 2843 Sicut
1161 2785 1293 2861 legimus
1318 2784 1390 2842 Ant.
1419 2785 1503 2842 1072

327 2883 518 2951 νέκυνῶν.
565 2890 603 2947 In
638 2890 697 2949 hoc
724 2909 838 2966 genere
873 2891 1086 2950 collocandum
1122 2896 1170 2949 est
1204 2891 1253 2951 El.
1286 2893 1348 2949 140
1372 2911 1412 2950 ss.
1439 2890 1504 2952 ἀλλ’

327 2995 390 3057 ἀπὸ
413 3001 477 3056 τῶν
500 2996 639 3075 μετρίων
663 2997 711 3056 εἰτ’
738 2997 903 3077 ἀμήχανον
928 2994 1033 3080 ἀλγος
1056 2997 1103 3058 ἀεὶ
1124 2998 1317 3078 στενάχουσα
1335 2998 1503 3069 διόλλυσαι,

327 3103 360 3162 έν
385 3097 438 3174 οἷς
461 3101 608 3169 ἀνάλυσίς
632 3103 712 3163 ἐστιν
737 3103 869 3182 οὐδεμία
893 3109 1014 3165 κακῶν.
1061 3104 1141 3163 Nam
1165 3106 1225 3163 etsi
1250 3111 1410 3163 structura
1430 3105 1458 3162 h.
1481 3104 1502 3162 l.

327 3208 433 3267 durior
466 3213 524 3282 est,
560 3210 634 3283 quia
670 3211 862 3269 enuntiatum
897 3212 951 3270 rel.
982 3232 1049 3270 curn
1073 3213 1194 3289 regenti
1220 3214 1380 3271 enuntiato
1405 3213 1503 3273 artius

328 3316 473 3390 cohaeret,
501 3322 602 3374 tamen
626 3314 749 3374 facilior
772 3336 823 3375 res
845 3317 1014 3392 videbitur,
1041 3317 1069 3376 si
1092 3319 1341 3395 reputaverimus
1365 3320 1502 3396 proxime

329 3421 512 3480 antecedere
548 3420 611 3482 ἀπὸ
639 3426 703 3482 τῶν
731 3424 878 3502 μετρίων,
903 3423 1002 3483 intell.
1028 3423 1151 3503 ἀλγέων
1177 3461 1218 3467 --
1242 3445 1312 3482 nam
1335 3425 1367 3482 id
1390 3425 1503 3484 melius

327 3529 451 3587 videtur
490 3549 581 3602 quam
617 3549 685 3586 cum
721 3529 892 3588 Tourniero
926 3537 1049 3589 vertere
1077 3530 1134 3588 “de
1158 3530 1188 3589 la
1212 3531 1424 3590 moderation“
1450 3568 1501 3606 —,

327 3635 409 3693 unde
445 3634 534 3709 quasi
570 3635 647 3694 echo
683 3637 826 3710 quaedam
861 3638 893 3694 in
929 3638 1028 3695 animo
1063 3638 1220 3712 loquentis
1245 3637 1311 3697 sive
1336 3640 1503 3698 scribentis
1585 3627 1589 3634 ¹

327 3743 458 3800 hominis
493 3740 586 3799 facile
620 3749 766 3801 remanet.
815 3742 894 3801 Sunt
922 3745 975 3817 qui
999 3749 1070 3821 post
1095 3744 1253 3806 διόλλυσαι
1276 3744 1390 3820 majore
1414 3748 1502 3822 signo

327 3849 558 3924 interpungant.
606 3848 671 3906 Alii
694 3849 727 3908 ἒν
752 3848 798 3916 οἷς
823 3849 861 3907 ad
885 3854 983 3907 totum
1006 3852 1194 3911 antecedens
1212 3853 1404 3910 enuntiatum
1420 3852 1501 3912 refe-

327 3965 409 4014 runt.
457 3953 519 4013 Sed
553 3955 632 4012 illud
667 3957 808 4044 ineptum
843 3963 902 4032 est,
937 3957 995 4016 hoc
1020 3957 1059 4016 ad
1083 3957 1301 4018 difficultatem
1325 3960 1503 4019 evitandam

327 4061 453 4120 videtur
476 4061 635 4120 inventum
660 4083 728 4122 esse
745 4059 781 4140 ¹).
1504 4045 1506 4050 Ι

418 4217 439 4284 ¹)
469 4219 551 4279 Quod
578 4221 680 4269 Nauck
708 4221 778 4271 dicit
809 4224 933 4269 “dameam
951 4223 990 4271 ist
1008 4224 1212 4288 unstattlraft“7
1232 4226 1406 4288 scripturam
1427 4226 1502 4274 codi-

328 4323 392 4356 cum
421 4309 540 4370 probam
559 4315 632 4358 'esse
661 4310 807 4374 intelliges
830 4311 936 4360 collato
956 4311 1081 4375 AEsehyl.
1103 4313 1170 4363 Cho.
1192 4313 1243 4362 158
1262 4319 1503 4373 ῑιιοτιςδοριισνενὴς

326 4402 392 4456 ἀνήρ,
412 4402 523 4466 Q
538 4404 628 4458 δόμων·
648 4398 777 4448 salvator
796 4400 904 4450 domus¹
1290 4394 1310 4409 '¹
