3210 4912
324 260 364 316 82

279 436 346 475 esse
371 417 457 476 dicat
481 418 643 496 (“du·den
668 418 864 481 Sterblichen
889 418 1038 495 gehdrige
1056 419 1231 496 Stimme“).
1268 420 1331 479 Sed
1348 418 1455 498 potius

279 523 404 583 dativus
439 524 590 583 commodi
625 531 676 583 est
711 545 779 584 cum
803 525 918 604 χθονία
939 524 1118 603 jungendus
1141 527 1201 586 ita:
1227 547 1244 585 o
1267 511 1361 603 fama,
1386 547 1454 602 quae

277 631 461 688 mortalibus
497 632 555 689 sub
591 636 708 689 terram
743 637 889 708 penetras
927 629 994 708 (Ofi-
1030 631 1261 692 Schneidewini
1290 633 1385 712 adn).
1412 669 1449 677 -

278 737 434 822 Praeterea
458 739 633 814 separanda
659 758 695 797 ea
709 739 860 815 'exempla
877 745 958 814 sunt,
976 738 1029 798 ubi
1047 739 1173 798 dativus
1189 742 1308 799 rectius
1326 762 1344 799 a
1359 741 1454 800 verbo

279 850 333 900 aut
369 863 387 902 a
421 851 486 902 toto
523 845 684 902 enuntiato
719 843 845 921 pendet,
882 844 973 919 quale
1003 851 1052 903 est
1075 845 1149 904 Ant.
1176 847 1238 904 571
1264 846 1367 916 κακὰς
1390 846 1454 927 ἐγὼ

279 956 428 1031 γυναῖκας
450 951 542 1012 υἱέσι
558 955 670 1029 στυγῶ.
707 950 787 1008 Nam
804 955 909 1030 στυγῶ
925 950 1008 1010 idem
1024 952 1108 1011 valet
1124 959 1219 1027 atque
1236 953 1272 1016 οὐ
1288 953 1453 1035 βούλομαι.

279 1057 334 1116 cfr
357 1057 436 1115 Phil.
463 1058 505 1116 8ῖ
528 1057 678 1135 πράσσειν
702 1061 815 1136 στυγῶ,
840 1064 871 1115 et
894 1058 933 1116 Il.
960 1056 1026 1115 VH
1052 1060 1091 1116 21
1120 1056 1259 1137 Τρώεσσι
1276 1059 1310 1121 δὲ
1325 1060 1454 1140 βούλετο

279 1165 376 1244 νίκην.
424 1162 476 1222 Sic
511 1163 663 1222 Tournier
697 1183 762 1222 rem
797 1163 933 1241 expedit.
987 1164 1204 1224 Schneidewin
1236 1167 1336 1226 minus
1367 1172 1457 1227 recte.

279 1277 436 1347 comparat
461 1269 512 1328 Tr.
539 1271 613 1341 668,
640 1270 721 1345 quod
745 1270 917 1347 exemplum
941 1290 1037 1347 supra
1061 1272 1161 1330 attuli.

365 1373 400 1459 β.
447 1376 606 1437 Praeterea
633 1382 746 1434 natura
773 1376 873 1436 dativi
897 1384 929 1436 et
952 1378 1018 1435 veri
1042 1385 1074 1436 et
1096 1379 1346 1437 instrumentalis
1371 1377 1452 1456 ejus-

277 1483 360 1542 modi
384 1489 443 1558 est,
469 1489 503 1542 ut
526 1485 558 1542 in
582 1482 721 1558 quolibet
744 1485 905 1542 enuntiato
930 1491 965 1541 ut
989 1484 1114 1543 dativus
1136 1485 1266 1558 ethicus,
1283 1485 1452 1560 relationis,

277 1589 427 1649 commodi
451 1600 508 1648 cet.
533 1589 630 1647 inseri
653 1591 763 1666 possit,
787 1609 884 1664 neque
906 1595 1009 1648 tamen
1026 1590 1206 1667 plerumque
1224 1591 1263 1650 ad
1280 1591 1454 1668 analogiam

277 1716 341 1755 rem
376 1694 495 1755 referre
529 1695 611 1754 licet.
638 1731 678 1738 --
704 1696 809 1754 Pauca
844 1703 947 1757 tamen
982 1698 1121 1774 exempla
1149 1702 1239 1775 sunt,
1268 1698 1321 1756 ubi
1345 1704 1454 1774 aperta

279 1801 423 1879 analogia
448 1809 504 1862 est.
553 1802 648 1862 Velut
673 1803 800 1861 verbum
824 1809 926 1883 τιμᾶν
950 1823 1018 1861 cum
1042 1803 1146 1862 dativo
1171 1824 1311 1882 personae
1333 1804 1453 1865 duobus

277 1910 354 1969 locis
374 1909 527 1987 jungitur,
553 1911 604 1967 ubi
630 1908 725 1967 dandi
749 1929 773 1968 s.
799 1909 961 1967 tribuendi
983 1912 1140 1969 notionem
1164 1911 1329 1987 implexam
1345 1911 1452 1985 habet,

278 2017 327 2075 Αἱ.
366 2018 428 2074 887
464 2017 526 2097 μολ
560 2014 633 2076 τάδε
668 2020 771 2095 τιμᾶτε
807 2016 887 2093 (haec
922 2016 996 2074 mihi
1030 2017 1155 2076 honoris
1191 2038 1285 2077 eausa
1313 2019 1451 2078 tribuite.

278 2121 448 2200 Schneid.),
482 2122 556 2181 Ant.
584 2124 648 2181 514
671 2127 741 2190 πῶς
765 2123 890 2204 ἐκείνῳ
915 2121 1053 2203 δυσσεβῆ
1076 2131 1168 2204 τιμᾷς
1191 2125 1291 2204 χάριν.
1338 2126 1452 2196 Quam-

279 2250 370 2304 quam
394 2231 569 2306 posteriore
595 2229 660 2288 loco
685 2228 810 2288 dativus
834 2229 944 2309 ἐκείνῳ
961 2228 1093 2288 forsitan
1110 2233 1225 2289 rectius
1243 2251 1311 2290 cum
1324 2230 1452 2291 Wolffio

278 2342 309 2395 et
345 2334 535 2412 Campbellio
572 2335 610 2393 ad
652 2333 837 2410 adjectivum
879 2335 1017 2416 δυσσεβῆ
1056 2334 1223 2409 referatur,
1262 2339 1308 2396 ita
1342 2342 1378 2396 ut
1413 2339 1452 2398 de

275 2442 414 2519 Eteocle,
438 2462 500 2500 non
523 2441 673 2518 Polynice
698 2442 830 2500 dicatur.
857 2478 896 2485 —
922 2442 1060 2502 Verbum
1084 2440 1237 2525 ὠφελεῖν
1261 2464 1328 2502 eum
1346 2445 1452 2507 dativo

272 2547 412 2623 junctum
447 2560 495 2607 est
522 2549 597 2607 Ant.
624 2550 688 2607 560
711 2554 774 2616 τοῖς
797 2548 951 2625 θανοῦσιν
976 2549 1110 2629 ὠφελεῖν
1134 2552 1270 2627 itemque
1294 2549 1452 2634 ξυνωφε-

274 2651 348 2716 λεῖν
371 2655 450 2714 Phil.
476 2658 538 2714 871
565 2655 807 2736 ξυναιφελοῦντά
830 2679 902 2735 poa·
927 2676 994 2730 quae
1019 2663 1178 2716 structura
1203 2657 1346 2735 analogia
1362 2660 1451 2718 verbi

274 2761 438 2823 λυσιτελεῖν
473 2764 539 2820 sim.
570 2762 662 2820 facile
691 2768 760 2820 orta
783 2769 840 2821 est.
890 2762 1035 2821 Ueterum
1062 2763 1200 2822 dativum
1224 2772 1294 2841 post
1317 2764 1451 2844 dimetria

271 2868 335 2945 jam
359 2869 472 2927 Aesch.
497 2871 599 2946 posuit
623 2870 708 2931 Pers.
736 2871 800 2927 842
824 2875 887 2937 τοῖς
910 2870 1045 2932 θανοῦσι
1065 2869 1196 2939 πλοῦτος
1216 2870 1310 2934 οὐδὲν
1326 2870 1449 2951 ὠφελεῖ.

362 2997 393 3058 γ.
440 2977 479 3033 In
502 2977 607 3035 verbis
632 2975 812 3052 compositis
830 2975 907 3033 nihil
922 2977 1121 3035 memorabile
1138 2977 1272 3055 videtur,
1290 2979 1351 3036 nisi
1368 2977 1450 3053 quod

275 3083 371 3139 verba
406 3102 474 3140 cum
509 3083 729 3159 praepositione
764 3083 805 3150 εἰς
841 3084 1012 3159 composita
1047 3090 1162 3161 praeter
1196 3085 1450 3144 consuetudinem

275 3207 344 3245 cum
378 3188 483 3248 dativo
515 3189 700 3266 junguntur,
737 3210 827 3264 quern
863 3209 951 3247 usum
987 3190 1136 3249 facillime
1172 3174 1393 3266 intelligemus,
1422 3191 1449 3250 si

274 3297 521 3370 reputaverimus
556 3296 622 3354 hacc
657 3297 753 3354 verba
787 3295 869 3353 idem
906 3295 1081 3370 significare
1118 3303 1212 3372 atque
1245 3298 1449 3378 ἐγγίγνεσθαι,

273 3406 416 3480 παρεῖναι
452 3409 510 3461 cet.
548 3404 626 3477 sim,
663 3422 730 3476 quae
765 3404 802 3461 ad
837 3404 1020 3478 syntecticae
1044 3403 1176 3462 rationis
1200 3411 1358 3481 praecepta
1382 3424 1449 3463 cum

274 3507 379 3566 dativo
402 3515 568 3585 ponuntur.
616 3509 764 3585 Exempla
793 3517 879 3567 sunt:
907 3508 942 3567 Ο.
970 3508 1003 3567 C.
1031 3510 1094 3568 372
1118 3507 1265 3592 εἰσῆλθε
1287 3518 1363 3573 τοῖν
1385 3510 1449 3592 τρὶς

224 3594 226 3599 ¹
274 3611 418 3676 ἀθλίοιν
442 3616 505 3694 ἔρις
528 3615 622 3694 κακή,
652 3615 703 3674 Tr.
723 3617 786 3673 298
810 3616 890 3696 ἐμοὶ
913 3613 1013 3682 οἶκτος
1037 3615 1137 3685 δεινὸς
1159 3614 1291 3700 εἰσέβη.
1324 3618 1446 3695 Fragm.

275 3722 338 3779 855
355 3743 383 3780 v.
402 3725 420 3780 9
440 3721 471 3801 (ἡ
497 3719 633 3801 Κύπρις)
650 3723 843 3804 εἰσέρχεται
866 3721 991 3800 λχιλδιον
1014 3721 1131 3803 πλώτῳ
1154 3726 1257 3807 γένει.
1294 3723 1349 3783 Otr
1372 3725 1447 3782 Her.

274 3827 328 3885 111
354 3831 403 3901 14,
434 3829 452 3884 ἴ)
489 3828 577 3907 αὐτῷ
609 3851 640 3888 τε
673 3826 834 3908 Καμβύσῃ
870 3827 1008 3889 ἐσελθεῖν
1043 3828 1146 3890 οἶκτόν
1180 3853 1254 3891 τινα.
1300 3830 1448 3890 Animad-

274 3934 423 3992 vertenda
458 3937 551 3993 etiam
585 3941 744 3993 structura
767 3941 815 3993 est
838 3935 917 3993 Phil.
946 3938 1027 3993 1111
1054 3935 1132 3997 ἀλλά
1155 3958 1218 4018 μοι
1239 3937 1363 4000 ἄσκοπα
1387 3937 1446 4018 έπη

272 4038 397 4122 ὑπέδυ.
437 4040 655 4100 Schneidewin
679 4041 736 4099 hoc
759 4041 827 4099 loco
852 4047 1044 4100 structuram
1060 4045 1105 4100 ita
1122 4044 1258 4121 exponit,
1276 4051 1311 4102 ut
1327 4045 1448 4124 φρένας

274 4147 509 4223 intelligendum
533 4167 603 4206 esse
629 4147 722 4205 dicat.
770 4148 832 4206 sed
856 4149 938 4207 unde
960 4148 1019 4216 hoc
1039 4169 1148 4207 nomen
1167 4152 1273 4209 eitam
1291 4150 1447 4209 commode

273 4260 429 4330 repertum
453 4256 505 4328 sit,
529 4273 592 4311 non
615 4253 703 4314 video
728 4274 829 4330 neque
854 4257 981 4314 verbum
1005 4255 1160 4319 ὑποδῦναι
1185 4258 1226 4315 ab
1244 4257 1315 4316 aliis
1332 4258 1446 4335 verbis,

273 4380 342 4434 qum
367 4379 433 4418 oum
459 4361 564 4418 dativo
584 4359 763 4438 junguntur,
782 4367 902 4419 tantum
920 4363 1021 4438 abest,
1039 4373 1193 4422 uteorum
1211 4346 1446 4423 similitudinem
