3210 4912
1256 290 1302 346 85

174 447 387 524 participiales
412 454 578 506 structurae
602 448 632 504 in
658 467 693 506 eo
719 453 875 522 constant,
897 455 933 505 ut
949 450 1148 525 participium
1165 448 1351 507 attributum

174 545 215 612 sit
252 555 459 629 substantive,
486 553 574 629 cujus
599 573 690 630 casus
713 555 808 613 verbo
833 556 955 631 regenti
979 557 1141 630 statuitur,
1166 557 1248 614 unde
1272 554 1352 614 fiunt

173 660 242 723 nido
266 661 407 741 ποιήσας,
431 659 500 722 οἶδά
523 682 590 721 τινα
614 661 793 740 ποιήσαντα,
818 660 945 723 σύνοιδά
969 683 1024 721 τινι
1047 661 1217 742 ποιήσαντι,
1240 661 1351 724 ἀκούω

173 767 258 836 τινὸς
280 767 427 847 λέγοντος.
464 769 565 827 Recte
589 767 648 826 hoc
672 767 797 826 dicitur.
834 767 936 826 Credo
961 778 1064 826 tamen
1089 767 1232 842 equidem
1257 769 1351 826 etiam

165 884 244 952 vpost
278 874 390 935 εἰδέναι
426 881 592 950 ceteraque
626 876 723 934 verba
760 874 874 933 similia
910 875 1038 933 Graecos
1075 878 1286 933 accusativum
1319 881 1351 934 et

173 983 371 1059 participium
401 980 433 1039 in
462 1002 556 1039 unum
585 980 783 1056 conjunxisse
809 981 917 1040 eodem
940 981 1029 1039 modo
1055 1002 1114 1056 quo
1139 983 1350 1067 accusativum

174 1108 242 1146 cum
278 1087 442 1162 infinitivo,
476 1107 545 1164 quae
573 1094 734 1148 structura
758 1089 902 1147 similiter
926 1093 995 1147 orta
1019 1095 1075 1147 est.
1123 1087 1273 1148 Conferre
1299 1089 1351 1147 de-

172 1197 280 1253 bemus
305 1197 478 1266 accusativi
502 1195 636 1255 absoluti
659 1215 759 1271 usum,
785 1197 838 1271 qui
862 1214 900 1254 ex
924 1195 1034 1255 eadem
1058 1195 1096 1252 de
1123 1197 1299 1254 accusativo
1319 1207 1351 1253 et

173 1301 341 1378 participio
377 1302 519 1378 opinione
553 1301 713 1378 profectus
738 1307 794 1360 est.
843 1302 886 1360 Et
910 1301 1110 1378 Thucydides
1134 1301 1257 1378 longius
1281 1322 1349 1379 pro-

173 1408 326 1485 greditur.
364 1407 477 1467 Tribus
502 1411 584 1467 enim
607 1409 683 1468 locis
708 1409 872 1467 articulum
897 1418 968 1467 ante
992 1410 1203 1468 accusativum
1221 1417 1252 1468 et
1268 1418 1349 1486 part.

173 1519 269 1592 ponit⁷
304 1515 385 1591 quod
410 1536 596 1590 quamquam
619 1516 707 1574 multi
731 1517 833 1574 critici
857 1515 1090 1591 damnaverunt,
1116 1514 1247 1574 Classen
1271 1519 1350 1593 prae-

174 1623 255 1680 clare
290 1629 321 1680 et
353 1642 420 1681 meo
445 1623 569 1698 quidem
590 1622 708 1698 judicio
733 1629 820 1681 recte
846 1621 988 1680 defendit
1011 1621 1073 1701 (cfr
1098 1621 1229 1680 Classen
1253 1623 1348 1681 Thuc.

174 1729 220 1786 IV
246 1731 298 1803 63,
325 1731 342 1786 2
368 1728 527 1804 Anhang).
575 1729 637 1787 Sed
672 1731 699 1787 si
734 1729 819 1805 pleni
847 1729 1002 1787 enuntiati
1027 1729 1126 1786 instar
1151 1731 1350 1787 accusativus

174 1856 240 1893 oum
277 1845 358 1911 part.
393 1842 469 1905 erat,
495 1834 587 1894 facile
612 1836 679 1893 haec
704 1845 868 1894 structura
886 1831 954 1893 cum
978 1836 1090 1909 verbis,
1115 1837 1227 1910 quibus
1251 1837 1349 1913 primo

173 1963 232 2000 non
257 1944 430 2020 oportebat,
453 1941 564 2016 juncta
586 1951 642 2000 est.
670 1979 710 1985 —
736 1943 826 2012 Quod
850 1942 977 2000 Lobeck
1002 1941 1041 2000 ad
1057 1942 1108 2000 Αἰ.
1131 1943 1191 2000 136
1209 1943 1348 2018 inclinat,

173 2054 208 2107 ut
243 2051 503 2109 constructionem
539 2041 763 2108 assimilatione
792 2050 824 2128 (i.
855 2069 881 2108 e.
911 2048 1049 2126 formali)
1081 2049 1120 2107 ad
1148 2069 1283 2122 sequens
1312 2051 1350 2110 σὲ

173 2156 203 2216 d'
229 2157 304 2217 ὅταν
329 2156 521 2237 Capraria--
546 2164 645 2215 ortam
673 2177 743 2216 esse
772 2162 871 2233 putet,
900 2157 974 2214 mihi
998 2157 1123 2232 quidem
1147 2156 1225 2213 illud
1248 2158 1350 2215 minus

172 2264 283 2340 placet.
309 2264 389 2322 Nam
406 2264 564 2342 posterius
581 2266 776 2322 enuntiatum
795 2284 863 2322 cum
879 2265 982 2341 priore
1000 2265 1099 2321 minus
1117 2271 1184 2321 arte
1202 2263 1348 2336 cohaeret,

173 2391 264 2444 quam
299 2379 334 2429 ut
370 2371 409 2429 ad
444 2373 476 2429 id
512 2371 708 2429 formandum
744 2378 863 2431 tantam
891 2373 952 2428 vim
976 2372 1089 2429 habere
1114 2370 1260 2447 potuerit.
1308 2371 1350 2427 Et

174 2477 256 2551 quod
280 2476 415 2552 majoris
450 2479 595 2535 momenti
630 2486 687 2550 est,
722 2478 871 2535 Lobeckii
899 2480 1020 2535 ratione
1046 2484 1150 2536 cetera
1174 2476 1349 2552 hujusmodi

174 2583 312 2660 exempla
336 2603 396 2641 non
421 2585 637 2659 expediuntur.

262 2688 293 2753 d.
339 2691 444 2749 Verba
479 2687 714 2772 αἰσχύνεσθαι
746 2689 919 2765 similiaque
951 2690 1162 2765 prarticiplzuu
1186 2691 1349 2763 requirunt

174 2798 211 2856 de
246 2816 292 2873 oo,
329 2797 412 2873 quod
436 2782 609 2873 subjecttm
631 2795 695 2872 jam
718 2795 795 2855 facit
825 2795 989 2870 sutfecit,
1016 2798 1214 2872 infinitivum
1239 2795 1277 2853 de
1301 2815 1347 2870 eo,

173 2905 255 2979 quod
290 2906 322 2961 in
357 2902 461 2961 futuro
490 2921 522 2961 et
550 2903 668 2962 incerto
693 2909 751 2962 est.
799 2904 853 2961 Fit
877 2911 980 2962 tamen
1004 2903 1170 2978 interdum,
1195 2908 1230 2960 ut
1254 2904 1348 2978 parti·

174 3012 285 3087 cipium
320 3010 465 3069 infinitivi
500 3011 600 3068 locum
635 3018 773 3088 occupet.
827 3011 1009 3087 Exemplum
1045 3011 1165 3087 praebet
1199 3011 1248 3067 Αἰ.
1284 3011 1347 3068 506

173 3115 310 3180 αἴδεσαι
332 3118 451 3197 πατέρα
475 3116 530 3178 τὸν
554 3116 610 3178 σὸν
634 3118 667 3178 ἐν
687 3157 700 3166 -
718 3117 801 3196 γήρᾳ
816 3115 1033 3200 προλείπων,
1050 3118 1103 3175 ubi
1120 3116 1196 3174 Aias
1213 3118 1348 3175 nondum

171 3233 292 3301 patrem
316 3225 455 3283 deseruit
478 3244 579 3299 neque
605 3224 721 3284 deserit
744 3224 799 3282 sed
823 3223 1003 3282 deserturus
1021 3226 1078 3282 est.
1119 3223 1229 3298 Neque
1245 3229 1347 3281 tamen

173 3340 232 3408 est,
263 3352 317 3390 cnr
346 3352 414 3390 cum
438 3329 566 3390 Wolffio
591 3339 622 3389 et
645 3331 786 3390 Nauckio
812 3331 952 3389 codicum
975 3332 1160 3406 scripturam
1184 3339 1347 3387 mutemus.
1417 3406 1419 3410 ,

173 3440 237 3496 Aut
261 3441 340 3495 enim
363 3458 500 3515 praesens
524 3438 563 3496 de
588 3446 701 3497 conatu
726 3446 773 3497 est
797 3446 853 3496 aut
868 3444 1100 3496 structurarum
1116 3436 1256 3496 confusio
1275 3436 1347 3495 inde

174 3551 242 3602 orta
274 3565 342 3602 esse
375 3546 508 3621 videtur,
533 3545 616 3620 quod
641 3545 807 3604 Tecmessa
831 3547 962 3603 incitata
985 3551 1086 3602 mente
1111 3563 1174 3601 rem
1195 3542 1257 3618 jam
1282 3542 1348 3601 fieri

173 3650 271 3727 fingit.
311 3650 477 3725 'Ejusmodi
501 3653 546 3709 rei
570 3653 715 3727 gerendae
741 3653 963 3728 anticipatione
984 3658 1171 3709 structuram
1189 3651 1347 3715 exstitisse

174 3758 281 3816 credo:
308 3757 343 3816 Ο.
369 3758 409 3815 R.
435 3759 499 3816 863
524 3777 547 3815 s
573 3759 604 3818 εἴ
621 3782 674 3837 μοι
698 3759 800 3839 ξννείη
826 3757 1093 3841 φέροντι.μοίρα
1121 3755 1176 3817 τάν
1199 3755 1347 3818 ε’ἰῖσὲπτον

173 3865 299 3946 ἁγνείαν
322 3864 436 3943 λόγων.
473 3863 509 3922 Ο.
529 3863 562 3922 (l.
582 3864 645 3921 648
670 3865 698 3924 εἰ
719 3865 768 3927 σοί
790 3865 829 3943 γ’,
854 3865 935 3942 ὅπερ
957 3865 1030 3944 φής,
1051 3863 1181 3944 ἕμμενεῖ
1192 3859 1349 3924 τελοῦντι

172 3996 232 4052 μοι.
281 3972 316 4030 Ο.
343 3971 382 4028 R.
411 3972 495 4028 1493
520 3990 543 4028 s.
572 3970 615 4038 τίς
647 3972 841 4050 παραρρίψει
872 3972 985 4033 τοιαῦτ’
1017 3969 1120 4050 ὀνείδη
1144 3966 1347 4052 λαμβάνων.

172 4079 278 4138 Facile
309 4077 484 4154 explicatur
507 4078 600 4136 etiam
623 4077 672 4135 El.
688 4079 752 4135 943
776 4076 883 4157 τλῆναί
905 4100 939 4137 σε
963 4075 1115 4160 δρῶσαν,
1140 4077 1178 4137 ἃν
1202 4075 1266 4155 ἐγὼ
1289 4098 1347 4136 πα-

174 4187 307 4263 ραινέσω
335 4183 470 4265 (“tapfer
494 4186 560 4243 sein
581 4186 631 4243 bei
650 4183 706 4243 der
721 4183 947 4258 Ausl'iihrung“
967 4184 1103 4262 Kaibel).
1122 4219 1163 4226 -
1180 4181 1349 4241 Difficilior

174 4293 259 4350 locus
285 4300 332 4350 est
356 4292 407 4351 Αἰ.
430 4295 490 4350 183
508 4311 549 4351 ss.
575 4291 612 4354 od
637 4290 697 4371 γὰρ
721 4289 880 4371 ppassim
904 4291 953 4351 ἐπ’
980 4289 1124 4370 ἀριστερὰ
1146 4291 1222 4370 ἔβας
1237 4289 1348 4351 τόσσον

174 4399 206 4459 ἒν
240 4399 386 4478 ποίμναις
420 4402 563 4461 πίτνων.
610 4398 689 4457 Num
724 4399 752 4456 si
787 4399 858 4472 quis
885 4397 1004 4460 ot...
1028 4396 1139 4459 τόσσον
1167 4398 1347 4472 incepisset,
