3210 4912
1246 281 1290 340 45·

158 432 382 497 intransitiva
406 445 525 505 mutata
550 444 631 497 sunt.
667 438 846 498 Verisimile
871 443 976 497 tamen
997 439 1123 498 videtur
1138 440 1218 498 hanc
1234 436 1337 499 struo-⁷

158 551 262 603 turam
286 565 303 604 a
327 546 429 622 priore
453 545 506 603 illo
530 565 640 621 genere
666 551 764 604 ortam
787 563 864 622 esse,
889 546 935 603 ita
957 552 993 603 ut
1017 545 1140 604 credam
1163 548 1262 623 primo
1281 547 1334 605 ho·
1393 581 1395 586 ·

158 651 257 711 mines
292 652 409 711 dixisse
434 671 480 710 ex.
505 672 549 729 gr.
576 651 672 731 ἕθραν
695 651 830 723 ἕζεσθαι,
855 651 960 713 θᾶκον
984 652 1114 714 θάσσειν
1137 657 1191 712 aut
1214 674 1334 731 permu-

159 761 287 826 tatione,
313 759 409 839 ἕδραν
437 759 575 830 θάσσειν,
604 758 709 820 θᾶκον
733 758 859 830 ἕζεσθαι
882 759 939 818 hoo
963 779 1067 819 sensu:
1093 759 1263 820 sessionem
1286 781 1335 820 se-

159 867 244 925 dere.
287 866 334 936 'Et
369 887 442 927 vero
482 866 658 944 hujusmodi
696 865 870 925 locutiones
909 866 991 943 apud
1030 867 1213 945 Sophoclem
1247 874 1333 928 sunt:

160 973 196 1032 Ο.
221 973 261 1036 Β,
288 976 307 1030 2
335 974 419 1041 τίνας
445 972 523 1034 ποθ’
554 970 658 1055 ἕδρας
684 972 776 1035 τάσδε
798 994 854 1052 μοι
877 969 1026 1048 θοάζετε
1040 969 1075 1052 ¹).
1125 973 1161 1033 0.
1187 973 1221 1033 G.
1249 975 1333 1032 1166

158 1079 246 1161 τήνδ’
283 1080 301 1141 ὁ
335 1078 558 1163 προσθακῶν
592 1076 709 1162 ἕδραν.
754 1080 928 1154 Utrobique
963 1081 1044 1139 enim
1067 1081 1106 1139 de
1129 1100 1244 1158 genere
1269 1082 1335 1141 sive

159 1189 281 1246 ratione
316 1187 447 1246 sedendi
483 1187 606 1246 dicitur.
654 1186 714 1245 Sed
749 1187 909 1247 vocabulis
944 1185 1020 1266 ἕδρα
1055 1193 1087 1246 et
1114 1186 1219 1255 θᾶκος
1241 1189 1336 1248 etiam

160 1300 303 1353 concreto
339 1315 435 1354 sensu
470 1294 508 1352 de
537 1293 605 1370 ipso
634 1295 724 1354 sedili
748 1295 929 1372 utebantur,
953 1295 1035 1353 unde
1059 1292 1151 1353 facile
1174 1293 1269 1354 fiebat
1294 1331 1335 1339 -

159 1401 332 1478 praesertim
367 1421 434 1460 oum
469 1402 519 1459 hic
554 1408 589 1458 ut
623 1401 699 1459 alibi
734 1399 804 1459 finis
833 1421 915 1478 saepe
944 1403 1082 1460 incertus
1107 1407 1202 1479 esset,
1229 1401 1350 1462 confer,

160 1509 310 1586 exempla,
347 1529 416 1584 quae
445 1508 537 1568 attuli
564 1544 602 1551 —
627 1513 662 1566 ut
688 1507 744 1566 illa
768 1514 928 1567 structura
952 1508 991 1567 ad
1015 1508 1074 1567 hoc
1097 1529 1196 1586 genus
1219 1509 1337 1586 signifi·
1374 1579 1377 1584 ι

160 1617 292 1676 cationis
327 1614 562 1690 transferretur,
590 1617 637 1673 ita
661 1621 695 1673 ut
719 1614 815 1693 ἕδραν
839 1614 964 1686 ἕζεσθαι
988 1615 1182 1691 significaret
1204 1618 1237 1674 in
1260 1617 1336 1676 sede

160 1722 279 1782 sedere.
315 1722 358 1780 Et
382 1725 409 1782 si
434 1742 469 1790 eo
493 1742 543 1781 res
567 1724 783 1800 processisset,
809 1722 953 1798 analogia
970 1721 1048 1781 alias
1065 1728 1250 1798 structuras,
1268 1743 1336 1797 quae

161 1829 283 1906 longius
319 1832 475 1908 abessent,
511 1828 605 1888 facile
642 1831 771 1903 creavit,
807 1829 916 1903 quales
952 1836 1038 1888 sunt:
1075 1829 1125 1887 Ai.
1151 1831 1216 1887 248
1241 1828 1337 1909 ζυγὸν

63 2001 67 2008 ,
161 1936 299 2008 ἕζεσθαι·
334 1937 367 1995 in
387 1935 463 2013 jugo
488 1936 606 1995 sedere.
655 1936 691 1997 Ο.
717 1937 756 1995 R.
786 1937 854 1994 161.
871 1935 1032 1999 κυκλόεντ’
1058 1936 1177 2016 ἀγοράς
1201 1934 1338 2020 θρόνον
1448 1968 1449 1971 “

160 2041 288 2106 θάσσει
314 2042 382 2122 (Ofr
405 2044 510 2101 Kiihn.
535 2044 571 2102 H
595 2046 670 2120 409,
694 2044 784 2102 Anm.
810 2046 840 2120 9,
876 2043 975 2121 Kri'ug.
1001 2044 1088 2102 Poet.
1114 2043 1144 2102 S.
1171 2046 1223 2118 46,
1242 2046 1272 2121 6,
1291 2044 1335 2121 2).

163 2187 203 2194 -
228 2151 345 2209 Eodem
379 2151 468 2210 modo
504 2152 631 2210 verbum
665 2150 787 2212 κεῖσθαι
822 2151 1014 2210 construitur
1042 2151 1112 2210 Phil
1143 2153 1203 2210 145
1228 2152 1338 2213 τόπον

163 2259 282 2320 ὅντινα
310 2265 427 2320 7κεῖται
453 2256 683 2339 (Φιλοκτήτης).
731 2257 787 2316 Ofr
811 2258 907 2317 Thuc.
933 2259 949 2317 Ι
975 2260 1016 2317 37
1042 2257 1169 2338 ἡπόλις
1195 2257 1336 2337 αὐτάρκη

160 2361 265 2426 θέσιν
293 2366 452 2446 κειμένη.
498 2364 574 2423 Alia
608 2365 748 2442 exempla
781 2365 879 2423 habes
902 2365 984 2424 Jebb
1008 2366 1090 2424 Phil.
1120 2367 1180 2424 145
1206 2365 1277 2423 adn.
1295 2400 1336 2408 -

161 2470 277 2530 Eadem
311 2477 467 2530 structura
501 2478 573 2549 post
607 2473 703 2530 verba
725 2472 809 2542 ἰέναι,
834 2470 1035 2551 πορεύεσθαι,
1059 2473 1177 2553 τρέχειν
1200 2473 1268 2530 sim.
1292 2473 1337 2530 in-

162 2579 293 2649 venitur,
330 2577 374 2636 ita
403 2584 438 2636 ut
461 2580 660 2637 accusativus
685 2598 746 2636 non
770 2578 867 2637 solum
892 2578 930 2637 de
954 2580 1076 2656 itinere,
1101 2580 1158 2638 sed
1182 2581 1275 2638 etiam
1299 2579 1338 2638 de

162 2687 214 2746 via
249 2691 281 2744 et
315 2687 379 2746 loco
408 2706 432 2745 s.
463 2690 549 2745 terra
577 2691 756 2763 usurpetur.
804 2685 910 2743 Etiam
938 2687 970 2742 in
997 2686 1045 2743 his
1072 2685 1178 2745 verbis
1206 2685 1339 2744 similem

162 2813 360 2870 progressum
393 2792 488 2851 facile
523 2805 571 2851 est
607 2792 763 2866 exhibere,
793 2792 850 2851 sed
874 2794 953 2850 satis
978 2797 1027 2851 est
1051 2792 1191 2869 exempla
1216 2790 1337 2850 afferre.

163 2900 212 2959 El.
241 2902 300 2959 127
305 2902 325 2958 4
342 2900 489 2981 φιλτάταν
505 2896 591 2961 ὁδὸν
607 2906 766 2981 φανῆναι
784 2897 833 2978 (=
852 2898 976 2984 ἐλθεῖθ·
1013 2898 1063 2957 Ai.
1083 2899 1146 2957 877
1165 2918 1190 2958 s.
1208 2897 1264 2978 τὴν
1279 2897 1332 2978 ἀφ’

162 3007 250 3087 ἡλίου
266 3007 374 3088 βολῶν
390 3002 565 3069 κέλευθον
581 3008 717 3087 φανείς.
751 3005 800 3064 Ai.
821 3007 862 3063 30
878 3002 1047 3088 πηδῶντα
1062 3003 1176 3068 πεδία.
1204 3005 1255 3063 Ai.
1274 3006 1337 3063 845

162 3112 215 3174 τὸν
249 3112 345 3174 αἰπὺν
373 3113 527 3196 οὐρανὸν
551 3108 786 3195 θιφρηλατῶν.
837 3111 883 3170 0.-
899 3111 933 3170 Ο.
962 3113 1045 3170 1685
1070 3132 1094 3171 s.
1119 3113 1139 3192 ἥ
1162 3112 1218 3174 τιν’
1244 3111 1339 3172 (iuius

160 3227 226 3303 γᾶν
242 3223 261 3301 ἢ
278 3220 404 3282 πόντιον
419 3217 585 3282 κλυὸῶνα
601 3216 785 3300 ἀλώμενοι.
823 3217 894 3297 (afr
909 3219 1015 3287 Kuhn.
1033 3219 1069 3276 ΙΙ
1087 3220 1161 3294 409,
1183 3221 1209 3292 7;
1235 3218 1336 3294 Kriig.

164 3327 215 3404 46,
241 3328 271 3403 6,
297 3330 329 3402 33
359 3326 521 3385 Delbriick
543 3326 649 3404 Vergl.
680 3325 767 3403 Synt.
792 3346 862 3403 pag.
890 3325 967 3403 375)
1000 3328 1022 3404 ).
1049 3359 1089 3367 -
1116 3324 1338 3401 Comparantes

146 3433 247 3494 <adda
270 3434 394 3514 βαίνειν,
419 3435 501 3508 quod
526 3435 608 3510 apud
632 3432 814 3510 Euripidem
831 3434 996 3509 invenitur,
1014 3432 1152 3491 nonnulli
1168 3430 1338 3491 defendere

164 3541 351 3599 studuerunt
387 3540 423 3598 Ο.
458 3540 492 3600 Ο.
532 3542 616 3599 1084
651 3537 869 3622 θεωρήσασα
902 3538 1020 3619 τούμὸν
1055 3540 1150 3621 ὄμμα
1184 3539 1271 3597 velut
1300 3538 1339 3596 ad

164 3646 385 3724 speculandum
420 3647 539 3706 oculum
576 3647 702 3725 ducens,
728 3647 782 3705 sed
808 3650 891 3704 totus
915 3646 1000 3705 locus
1023 3647 1075 3704 vix
1100 3665 1194 3704 sanus
1218 3644 1339 3704 videtur

164 3774 244 3814 esse.
292 3753 334 3812 Et
368 3773 436 3829 quae
473 3753 634 3831 Oampbell
669 3760 826 3830 comparat
850 3753 1001 3830 exempla,
1031 3751 1082 3811 Tr.
1112 3753 1176 3811 914
1201 3756 1233 3810 et
1257 3751 1338 3809 Phil.

167 3863 238 3937 151,
264 3861 324 3919 alio
348 3860 437 3919 modo
462 3858 555 3919 facile
580 3860 794 3938 explanantur.

254 3972 282 4029 5.
330 3968 403 4028 Alia
431 3969 526 4027 verba
551 3987 618 4026 cum
642 3967 699 4025 tali
723 3966 872 4027 vocabulo
898 3965 930 4024 in
955 3965 1134 4025 accusativo
1155 3964 1338 4042 junguntur,

256 4145 276 4207 ¹)
296 4147 339 4195 Da
359 4144 571 4209 significatione
592 4145 673 4193 verbi
694 4143 877 4197 19‹›1t;anebb
897 4145 927 4192 in
947 4143 1067 4208 append.
1089 4142 1166 4191 dicit.

256 4233 277 4300 ²)
298 4236 351 4300 Ita,
371 4240 403 4283 ut
423 4235 490 4299 dixi,
511 4234 596 4283 credo
616 4233 682 4282 illos
703 4234 885 4282 accusativos
906 4236 984 4281 ortos
1005 4246 1076 4281 esse.
1107 4230 1162 4279 Sed
1182 4246 1237 4293 quo
1256 4230 1339 4279 inodo

165 4325 375 4391 posterioribus
395 4324 573 4389 temporibus
594 4325 624 4372 in
644 4322 784 4386 ejusmodi
804 4322 942 4386 exemplis
963 4321 1057 4371 Graeci
1073 4321 1271 4371 accusativum
1284 4321 1340 4384 ipsi

166 4417 318 4480 senserint,
339 4414 396 4463 alia
415 4416 536 4481 quaestio
557 4419 608 4479 est,
629 4413 662 4462 de
683 4428 739 4480 qua
758 4411 822 4462 vide
843 4411 988 4464 Delbriick
1008 4411 1034 4463 S.
1055 4411 1084 4462 F.
1103 4410 1143 4460 IV
1156 4425 1219 4474 pag.
1244 4411 1278 4459 30
1293 4412 1339 4460 im.
