3210 4912
1266 284 1284 340 9

154 438 231 496 mihi
256 457 361 497 eorum
384 437 538 497 sententia
555 438 656 514 magis
672 438 786 514 placet,
804 441 857 513 qui
874 439 1087 498 accusativum
1104 439 1329 500 assimilatione

154 565 209 622 pro
234 545 302 606 οἷον
324 545 425 624 κάγώ,
449 544 548 603 intell.
573 544 737 626 γηράσκω,
761 547 896 623 positum
921 566 991 604 esse
1016 547 1133 621 dieunt,
1158 548 1185 605 si
1206 547 1331 622 quidem

155 672 216 711 non
251 652 339 728 deus,
376 653 432 710 sed
466 650 523 708 filii
559 651 714 729 Oedipodi
749 653 892 711 miseram
915 652 1001 710 illam
1024 659 1215 712 senectutem
1239 674 1331 731 pepe-

155 764 272 817 rerunt.
321 758 413 817 Certe
437 777 525 816 nemo
551 764 609 832 est,
635 760 709 832 quin
733 759 838 817 videat
862 780 899 818 ex
921 758 1071 835 ejusmodi
1089 759 1167 818 loeis
1184 762 1216 817 in
1231 760 1331 836 magis

157 866 275 924 alienos
300 864 554 924 assimilationem
577 863 722 923 facillime
745 867 987 942 percrebruisse.
1035 865 1106 924 Non
1129 867 1220 942 longe
1242 869 1331 925 abest

158 973 194 1032 Ο.
219 973 258 1030 R.
287 975 348 1031 772
378 992 403 1031 s,
428 979 474 1051 τῷ
499 970 559 1050 γὰρ
583 973 622 1033 ἂν
646 971 843 1052 ιιαὶμειῖονι
866 973 984 1052 λέξαιμ’
1011 973 1050 1033 dv
1075 975 1093 1053 ἢ
1119 976 1186 1052 σοι’,
1210 974 1247 1032 de
1272 994 1331 1047 quo

156 1081 223 1138 loeo
260 1079 365 1138 confer
401 1078 436 1138 Ο.
474 1079 604 1136 Sohwab
641 1077 760 1155 Syntax
795 1079 850 1138 der
885 1080 1010 1138 Grieeh.
1039 1079 1144 1157 Comp.
1170 1101 1241 1157 pag.
1267 1081 1332 1136 260

159 1186 292 1265 (Schanz
322 1185 420 1244 Beitr.
450 1185 520 1261 IV).
569 1185 689 1244 Praeter
712 1186 766 1244 illa
790 1186 931 1264 exempla
954 1186 1060 1245 inveni
1084 1187 1165 1245 haee:
1192 1187 1242 1245 Αἰ.
1268 1188 1332 1244 487

157 1313 182 1352 s.
206 1290 327 1371 πατρὸς
350 1291 475 1370 έξέιγνν,
511 1293 597 1370 εἴπερ
625 1292 728 1371 τινὸς,
752 1292 923 1360 σθένοντας
946 1293 1027 1372 μέγα
1052 1294 1072 1350 i.
1099 1314 1125 1351 e.
1151 1293 1332 1362 σθένοντας,

158 1400 188 1460 εἴ
216 1423 261 1467 τις
295 1398 433 1459 ἔσθενεν.
480 1396 514 1455 Ο.
542 1398 576 1457 O.
605 1400 667 1455 734
699 1398 790 1459 πόλιν
818 1398 1007 1468 σιλένσνσαν,
1037 1399 1068 1459 εἴ
1090 1395 1149 1461 τιν’
1172 1398 1332 1469 Ἑλλάδος,

157 1505 247 1584 μέγα.
285 1504 335 1563 Tr.
365 1507 425 1563 103
451 1524 492 1562 ss.
517 1504 724 1583 πυνθάνομαι
740 1504 938 1585 Δηιάνειραν,
956 1504 1006 1566 ota
1022 1505 1075 1566 τιν’
1094 1505 1207 1567 ἄθλιον
1224 1508 1333 1588 ὄρνιν,

158 1613 266 1673 οὔποτ’
293 1611 435 1682 stadt-av
459 1618 516 1670 oet.
553 1612 627 1670 Ant.
656 1613 739 1669 1325
764 1611 818 1673 τὸν
843 1613 902 1673 οὐκ
927 1613 1002 1673 ὄντα
1023 1611 1144 1692 μᾶλλον
1162 1615 1181 1693 ἢ
1199 1610 1334 1695 μηδένα

159 1721 178 1778 i.
204 1737 229 1775 e.
254 1721 273 1798 ἢ
297 1717 352 1779 τὸν
374 1716 419 1797 μὴ
445 1718 529 1788 ὄντα,
554 1720 573 1798 ι’)
598 1718 616 1778 ὁ
639 1718 684 1798 μὴ
710 1720 757 1779 ὢν
781 1719 851 1788 ἔστι,
876 1721 921 1776 ita
945 1727 980 1775 ut
1002 1719 1126 1798 μηδένα
1150 1739 1206 1795 pro
1221 1719 1333 1798 μηδείς

162 1826 201 1882 ad
225 1825 455 1883 similitudinem
479 1825 591 1901 prioris
615 1827 746 1884 membri
769 1824 887 1883 laetum
911 1827 960 1884 sit.
1185 1805 1194 1812 μ

249 1932 296 1988 Ex
320 1931 426 1990 eodem
449 1930 533 1990 fonte
557 1934 673 1990 usitata
690 1931 878 2008 pronominis
895 1931 961 1999 αιός
977 1940 1009 1990 et
1025 1933 1184 2006 sequentis
1201 1931 1332 2005 subjecti

162 2038 340 2097 assimilatio
364 2037 463 2113 fluxit,
488 2038 576 2114 eujus
600 2060 693 2097 unum
718 2038 890 2116 exemplum
915 2045 962 2096 est
987 2039 1037 2096 Tr.
1056 2040 1121 2096 444
1143 2043 1214 2106 πῶς
1238 2038 1268 2098 d'
1296 2038 1334 2099 ori

159 2145 293 2224 χάτέρας
317 2145 432 2224 (ἄρχει)
458 2148 536 2218 οἵας
559 2147 587 2225 γ’
613 2147 701 2228 ἐμοῦ
725 2167 779 2222 pro
804 2147 853 2206 οἵα
879 2146 906 2225 γ’
934 2146 997 2225 ἐγώ
1022 2147 1091 2224 εἰμι.
1138 2145 1241 2221 Hujus
1258 2148 1335 2203 assi-

158 2253 326 2311 milationis
361 2273 437 2311 usus
472 2255 503 2310 in
538 2274 641 2328 grarea
675 2253 783 2329 lingua
818 2254 944 2312 liberior
979 2273 1072 2327 quam
1096 2254 1129 2309 in
1152 2251 1252 2310 latina
1276 2260 1333 2310 est.

159 2359 309 2437 Exempla
333 2361 455 2418 omissae
480 2361 712 2418 assimilationis
732 2362 904 2436 reperimus
922 2359 1056 2418 Schneid
1073 2358 1109 2416 Ο.
1128 2358 1162 2416 Ο.
1182 2360 1245 2417 565
1263 2359 1333 2416 adu.

247 2487 275 2527 ε.
322 2465 373 2523 Ad
408 2487 574 2542 pronomen
598 2467 763 2525 relativum
788 2460 971 2524 assimilatio
996 2486 1123 2524 casuum
1147 2464 1334 2539 frequentis-

160 2575 237 2631 sima
262 2579 320 2630 est.
368 2572 444 2630 Haeo
469 2582 523 2630 aut
545 2576 745 2650 progressiva
770 2579 823 2631 aut
846 2575 1024 2650 repressiva
1048 2578 1104 2646 est,
1127 2569 1219 2648 prout
1236 2592 1335 2630 eorre-

161 2680 224 2737 lato
249 2680 414 2739 relativum
439 2693 492 2738 aut
516 2679 648 2738 relativo
674 2680 860 2738 correlatum
885 2679 1084 2737 assimilatur.

251 2805 279 2844 a.
327 2789 532 2862 Propressiro
566 2787 749 2844 assimilatio
779 2787 900 2861 quando
924 2785 989 2861 fiat,
1014 2788 1046 2843 in
1070 2784 1212 2843 omnibus
1236 2805 1336 2860 gram-

161 2894 283 2950 maticis
309 2900 452 2951 accurate
478 2893 675 2952 describitur.
711 2893 774 2952 Cur
800 2899 902 2952 autem
925 2893 980 2951 liat
1005 2899 1060 2950 aut
1083 2893 1156 2967 quid
1181 2890 1335 2961 verebar,

162 3001 190 3056 si
218 3019 306 3073 quem
336 3001 368 3056 in
396 3002 542 3076 primario
567 3003 728 3058 enuntiato
753 3001 853 3058 locum
878 2984 1042 3058 relativum
1068 3000 1261 3058 enuntiatum
1285 3001 1336 3056 ob-

162 3106 263 3164 tineat
298 3108 571 3184 considerabimus
601 3108 700 3184 magis
726 3112 866 3184 apertum
890 3109 958 3165 erit.
1005 3107 1084 3165 Nam
1108 3108 1161 3164 ubi
1186 3105 1336 3182 ejusmodi

163 3212 345 3272 assimilatio
382 3214 514 3289 exsistit,
552 3213 746 3272 eniintiatunr
782 3214 836 3272 rel.
873 3220 930 3273 αιιλ
963 3213 1161 3270 substantivo
1191 3214 1337 3270 attributi

161 3321 228 3379 loeo
265 3322 329 3378 sive
365 3305 549 3378 attributum
577 3328 624 3378 est
654 3327 710 3380 aar
734 3323 835 3397 ipsum
858 3340 912 3397 pro
938 3321 1134 3377 substantiva
1158 3321 1281 3377 notione
1305 3320 1337 3376 in

161 3429 297 3504 genitivo
327 3435 381 3485 aut
411 3428 516 3486 dativo
541 3429 643 3503 posita
668 3427 834 3485 adhibetur
859 3447 904 3485 ex.
929 3447 974 3501 pr.
1000 3426 1155 3504 κτήμασιν
1179 3426 1198 3485 ἃ
1224 3426 1338 3504 ἔγαμεν

162 3533 310 3614 ἡδόμεθα
346 3542 378 3592 et
412 3536 432 3594 ἃ
466 3536 581 3614 ἔγαμεν
607 3533 762 3613 ηιλόμειλα.
810 3533 900 3592 Hane
925 3539 1028 3590 autern
1052 3533 1237 3607 positionem
1262 3531 1338 3588 alias

162 3643 231 3718 ipsa
259 3644 376 3717 sortitu·
420 3641 525 3698 Girrei
565 3642 708 3700 solebant
750 3640 924 3714 significare
964 3641 1045 3698 sieut
1085 3639 1240 3718 κτήμασιν
1276 3643 1339 3700 ταῖς

163 3748 326 3828 ἡμετέροις
349 3748 497 3829 ἡδόμεθα
523 3755 555 3807 et
579 3749 829 3827 ναῖςιγμειέραις
854 3746 1010 3825 ἡδόμεθα.
1047 3745 1185 3803 Eandem
1210 3743 1338 3801 formam

163 3857 213 3914 vel
246 3859 350 3932 potius
385 3855 599 3913 formationem
636 3857 730 3913 etiam
760 3855 799 3912 ad
827 3855 960 3912 relativa
984 3853 1144 3909 enuntiata
1168 3850 1338 3909 transferre

163 3964 341 4036 studebant,
367 3970 516 4037 quantum
540 3962 606 4020 lieri
631 3970 764 4038 poterat,
790 3964 809 4020 i.
836 3982 862 4019 a.
887 3961 925 4019 ad
947 3962 1047 4037 ipsum
1065 3978 1239 4036 pronomen,
1257 3956 1338 4031 quod

163 4069 360 4147 subjunctum
384 4068 579 4128 enuntiatum
602 4045 832 4127 eiordiebatur.
880 4068 993 4142 Itaque
1018 4067 1100 4149 illam
1125 4067 1219 4123 totius
1245 4083 1339 4122 enun-

163 4179 234 4235 tiati
263 4178 457 4254 positionem,
487 4196 547 4250 qua
575 4196 628 4251 pro
654 4177 804 4233 attributo
831 4181 883 4232 aut
907 4174 1102 4237 substantivo
1128 4180 1205 4243 erat,
1231 4190 1338 4247 prono-

163 4285 254 4341 minis
278 4282 377 4341 forma
402 4284 580 4340 iudicabant
592 4279 627 4358 ¹).
665 4281 754 4351 Quod
772 4302 840 4338 eum
856 4281 956 4345 lieret,
975 4299 1139 4355 pronomen
1158 4277 1224 4350 rel,
1246 4277 1271 4333 si
1289 4296 1338 4333 ve-

221 4383 236 4387 ”
252 4383 358 4461 Τιἀιι·
376 4383 472 4454 irruis.
494 4405 520 4452 u
541 4406 600 4453 aaa.
