3210 4912
1303 290 1339 345 11

213 448 295 523 quod
334 448 407 505 mihi
446 447 569 522 quidem
606 449 757 505 incertius
796 447 931 506 videtur.
969 483 1010 491 -
1045 448 1113 506 Non
1153 445 1302 522 frequens
1338 455 1388 506 est

213 553 407 631 assimilatio,
431 553 485 612 ubi
509 555 703 611 enuntiatum
726 552 888 613 relativum
914 573 981 612 cum
1005 555 1151 630 primaria
1174 556 1387 612 enuntiatione

212 660 299 719 nulla
334 659 449 719 artiore
478 661 627 719 societate
656 658 850 737 conjungitur
874 662 955 719 sicut
979 660 1061 737 apud
1085 659 1265 738 Sophoclem
1290 659 1325 718 Ο.
1352 659 1385 718 O.

216 767 276 825 161
313 765 435 847 κρατὴρ
469 765 630 847 μειλιχίων
653 752 761 826 ποτῶν
785 766 915 846 ῥεύματι
939 766 1111 847 συντρέχει·
1135 773 1206 829 τῶν
1230 764 1264 828 εὗ
1288 765 1388 846 φύλοι-

213 875 272 944 ξοι,
296 873 379 947 quod
404 874 431 931 si
454 873 584 931 retineri
607 879 720 950 potest,
747 872 829 947 quod
853 873 977 948 quidem
1001 872 1023 930 J
1027 875 1085 932 ebb
1109 880 1213 951 negat,
1235 873 1387 950 analogiae

212 981 243 1040 vi
258 980 403 1037 elicitum
428 984 488 1038 est.

300 1087 405 1145 Etiam
428 1087 580 1146 adverbio
603 1086 739 1144 locativa
762 1086 870 1146 eodem
890 1087 980 1145 modo
1002 1085 1158 1144 interdum
1175 1092 1388 1162 exaequantur,

212 1193 295 1268 quod
329 1193 404 1252 mihi
438 1193 531 1251 liceat
566 1192 624 1251 hoc
657 1194 723 1251 loco
753 1193 926 1270 complecti.
974 1193 1124 1270 Exempla
1148 1200 1221 1251 sunt
1246 1192 1297 1250 Tr.
1324 1193 1384 1251 701

212 1302 248 1364 ἐκ
272 1307 330 1382 γῆς
354 1297 444 1362 ὅθεν
466 1299 643 1379 προύκειτο,
672 1302 725 1358 ubi
749 1299 826 1360 ὅθεν
854 1321 909 1377 pro
939 1296 977 1361 οὗ
1007 1300 1123 1358 dictum
1152 1308 1209 1374 est,
1244 1306 1276 1358 et
1307 1300 1387 1357 Phil.

213 1410 272 1466 481
301 1428 344 1467 ss.
373 1406 520 1488 εἰσβολοῦ
558 1406 722 1484 (Meinekii
754 1408 910 1482 scriptura
944 1427 999 1482 pro
1032 1407 1079 1464 La
1111 1405 1388 1486 ἕκβολοῦ),ιιε---

214 1517 298 1578 ὅποι
332 1515 443 1596 ἥκιστα
478 1511 585 1592 μέλλω
619 1510 692 1578 τοὺς
728 1511 880 1582 ξυνόντας
914 1512 1067 1591 ἀλγονεῖν,
1089 1533 1145 1589 pro
1173 1512 1272 1574 ἐκεῖσε
1296 1512 1388 1573 ὅπου.

213 1623 323 1680 Nauck
346 1612 429 1682 ὅκου
455 1620 593 1696 corrigit,
618 1618 688 1676 ideo
713 1620 829 1694 opinor,
855 1619 935 1693 quod
958 1621 1088 1677 mutatio
1113 1622 1179 1678 sine
1202 1619 1389 1678 difficultate

215 1728 260 1786 fit.
295 1729 508 1787 Florentinum
531 1724 564 1785 Γ
575 1724 657 1786 ὅπου
681 1726 823 1801 praebere
847 1725 964 1782 minimi
987 1728 1131 1784 momenti
1155 1733 1212 1786 est.
1249 1726 1389 1801 Namque

217 1835 249 1892 id
277 1834 353 1892 nihil
375 1834 436 1893 nisi
456 1833 520 1910 jam
544 1837 635 1890 antea
661 1831 997 1891 emendatores'fuisse
1022 1833 1173 1892 declarat.
1222 1832 1337 1892 Contra
1361 1836 1388 1892 si

217 1942 312 2016 primo
336 1938 417 2001 ὅπου
446 1938 567 2014 fuisset,
597 1937 755 1997 difficilius
780 1943 829 1997 est
852 1938 1039 2016 intelligere,
1065 1920 1146 1998 unde
1170 1942 1201 1997 in
1227 1940 1293 1999 cod.
1342 1940 1390 1998 La

216 2047 288 2108 ὅποι
310 2048 441 2106 venerit.
488 2046 613 2121 Kriiger
638 2046 717 2124 (Au.
744 2044 831 2121 Synt.
851 2047 902 2122 51,
924 2048 973 2120 10,
991 2046 1134 2134 4111111111
1151 2048 1247 2106 Τ1111ο.
1266 2049 1282 2106 I
1300 2050 1351 2122 89,
1369 2051 1388 2106 3

215 2153 245 2213 οῖ
262 2151 426 2233 Ἀθηναῖοι
451 2151 668 2231 διεκομίζοντο
693 2149 781 2214 ὅθεν
805 2153 1000 2224 ὕκεξέθοντο
1023 2153 1139 2222 παῖδας
1159 2155 1212 2215 καὶ
1229 2161 1387 2234 γυναῖκας.

301 2265 330 2316 b.
377 2260 565 2334 Repressiou
591 2259 774 2317 assimilatio
804 2262 960 2334 antiquior
983 2261 1108 2319 videtur
1132 2281 1211 2336 esse,
1236 2282 1305 2320 cum
1325 2260 1389 2337 jam

215 2365 297 2442 apud
320 2365 487 2423 Homerum
512 2372 598 2440 certa
622 2367 762 2443 exempla
786 2368 848 2424 sint
873 2366 986 2445 (Krtig.
1012 2368 1098 2426 Poet.
1125 2368 1212 2444 Synt.
1241 2369 1291 2444 51,
1310 2369 1339 2444 9,
1358 2369 1387 2425 2.

214 2472 323 2530 Monro
351 2471 440 2529 Hom.
470 2491 566 2547 gram.
597 2469 786 2550 261101).
838 2472 948 2547 Neque
984 2480 1086 2531 tamen
1122 2473 1286 2532 admodum
1320 2493 1389 2549 per-

196 2579 362 2653 crebruit,
388 2578 442 2636 sed
469 2598 543 2636 usus
568 2578 634 2654 ejus
659 2598 781 2655 semper
805 2580 899 2637 multo
923 2579 1024 2637 rarior
1046 2586 1123 2638 erat.
1171 2580 1204 2638 Si
1221 2581 1260 2638 de
1277 2599 1389 2655 genere

215 2685 377 2760 quaeritur,
413 2684 481 2742 haee
517 2685 700 2743 assimilatio
735 2682 779 2742 illi
813 2686 905 2763 plane
941 2688 1096 2744 contraria
1121 2690 1177 2744 est.
1225 2685 1286 2742 Hic
1310 2687 1389 2743 enim

216 2792 398 2850 correlatum
434 2794 473 2850 ad
507 2794 701 2851 enuntiatum
733 2793 788 2851 rel.
818 2794 954 2868 proxime
979 2793 1154 2869 applicatur
1178 2795 1210 2850 et
1232 2793 1264 2849 in
1288 2797 1389 2850 struc-

216 2908 316 2956 turam
347 2897 412 2974 ejus
447 2900 680 2974 constringitur.
728 2899 761 2957 Si
790 2899 881 2975 paulo
905 2899 1027 2975 longius
1051 2919 1101 2957 res
1125 2897 1332 2975 progreditur,
1358 2899 1388 2954 in

216 3005 314 3080 ipsum
355 3004 511 3062 enuntiati
545 3006 600 3064 rel.
637 3008 741 3064 orbem
777 3006 961 3064 correlatum
1000 3006 1180 3064 includitur.
1239 3005 1328 3076 Quod
1363 3006 1389 3062 si

215 3109 334 3169 factum
357 3116 414 3185 est,
438 3114 637 3188 progressiva
660 3132 769 3170 rursus
795 3114 978 3171 assimilatio
1001 3112 1068 3171 fiori
1091 3120 1205 3189 potest,
1230 3113 1313 3170 unde
1334 3112 1390 3169 has

216 3236 266 3275 res
302 3219 447 3275 contiuuo
482 3219 564 3276 inter
599 3238 633 3276 se
669 3219 777 3276 ordine
802 3221 885 3276 necti
909 3218 1106 3277 manifestum
1132 3226 1191 3277 est.
1238 3219 1390 3294 Exempla

216 3322 284 3380 haec
311 3330 397 3381 sunt:
435 3324 485 3381 Tr.
514 3326 573 3382 151
600 3345 624 3384 s.
649 3324 711 3384 τότ’
742 3325 781 3386 ἄν
809 3348 853 3391 τις
881 3325 1135 3386 ει’σίὸοιτο----
1159 3333 1320 3387 κακοῖσιν
1344 3324 1391 3391 οἷς

216 3429 280 3508 ἐγὼ
314 3429 505 3510 βορόνομαι,
539 3452 594 3507 pro
627 3430 711 3492 κοκιλ
737 3431 791 3498 οἷς.
839 3432 889 3488 Tr.
916 3433 979 3489 283
1003 3429 1106 3493 τάσδε
1130 3433 1230 3510 ἅσπερ
1255 3433 1389 3509 εἰσορᾷς,

303 3542 454 3615 χωροῦσι,
488 3558 542 3613 pro
577 3538 644 3598 αἵόε
672 3539 781 3615 ἅσπερ.
830 3537 865 3596 0.
891 3539 931 3596 R.
958 3540 1020 3596 449
1056 3539 1117 3600 τὸν
1140 3535 1251 3619 ἄνδρα
1279 3543 1390 3597 τοῦτον

217 3643 253 3704 ὅν
276 3642 372 3703 πόλοι
396 3644 521 3723 ζητεῖς·
537 3684 559 3713 -,
584 3641 677 3711 οὗτός
700 3645 789 3704 ἐστιν.
816 3680 856 3686 -—
882 3644 917 3702 0.
942 3645 975 3702 O.
997 3647 1082 3703 1150
1104 3641 1209 3727 λόγος
1234 3644 1269 3711 ὅς
1296 3644 1389 3722 ἐμπό-

216 3772 342 3810 ῖιτονκεν
356 3789 369 3798 -
383 3750 452 3829 ἐμοὶ
464 3790 477 3798 -
492 3791 515 3820 -,
533 3751 698 3831 σομβολοῦ
717 3752 857 3831 γνώμην.
882 3752 1146 3809 Assimilaticnem
1165 3752 1221 3809 hoc
1238 3750 1304 3808 loco
1321 3770 1389 3808 esse

217 3861 357 3932 apertum
381 3862 439 3916 est.
487 3857 576 3927 Quod
601 3864 705 3916 autem
728 3860 759 3915 in
784 3858 938 3934 plerisque
961 3844 1149 3917 editionibus
1166 3858 1279 3916 dicitur
1295 3859 1389 3914 nomi-

216 3964 356 4021 nativum
384 3962 478 4042 λόγος
505 3983 559 4040 pro
590 3966 767 4022 accusativo
790 3964 885 4043 λόγον
911 3986 990 4040 esse,
1017 3967 1067 4040 qui
1093 3987 1110 4022 a
1134 3965 1288 4023 locutione
1312 3986 1389 4042 σομ-

216 4069 317 4150 βολοῦ
358 4070 491 4149 γνώμην
529 4070 675 4147 pendeat,
716 4071 773 4128 hoc
812 4073 976 4129 nescimus.
1040 4070 1199 4147 Camphell
1235 4070 1274 4127 ad
1309 4069 1390 4127 hunc

218 4177 317 4235 locum
356 4184 441 4235 recte
478 4178 555 4235 dicit
590 4179 849 4234 constructionem
887 4180 1077 4236 substantivi
1112 4177 1205 4256 λόγος
1239 4178 1390 4233 incertam

310 4319 329 4379 Ιγ
349 4319 494 4367 Ρικοῒονοτι
514 4321 600 4366 otiam
621 4321 651 4365 in
670 4320 765 4379 prisco
786 4317 874 4367 Iott'no
889 4335 1028 4367 sermono.
1043 4334 1097 4381 quo
1112 4317 1231 4365 Plautus
1245 4317 1390 4367 utebatur.

218 4409 289 4455 satis
315 4407 451 4469 frequens
472 4407 550 4455 illius
571 4406 790 4454 assimilationis
810 4421 879 4454 usus
900 4416 961 4454 orat
982 4407 1104 4454 ‹Zirmrr
1123 4422 1186 4469 pag.
1209 4407 1240 4453 72
1261 4407 1353 4457 uituli.
