3210 4912
226 546 280 607 Ofr
304 567 350 623 ea,
376 565 444 622 quae
467 547 548 606 Jebb
572 547 605 604 in
629 565 735 606 comm.
760 552 792 605 61
817 566 885 624 app.
912 547 997 606 dicit.
1034 548 1116 607 Item
1132 548 1182 606 El.
1200 550 1265 607 894
1281 567 1306 608 s.
1323 549 1394 629 ὁρῶ

224 652 386 737 κολώνης
408 652 445 728 ἐξ
467 653 572 732 ἄκρος
592 654 782 733 νεορρύτους
797 653 902 734 πηγὰς
918 654 1072 734 γάλακτος
1089 654 1181 715 credo
1197 655 1344 737 κολώνης
1360 657 1395 728 ἐξ
1465 662 1468 669 ’

224 762 325 845 ἄκρος
360 782 377 819 a
411 761 545 840 ῥέουσσς
579 760 726 838 pendere,
762 761 845 835 quod
878 781 913 820 eo
946 759 1070 820 facilius
1095 763 1194 820 animo
1216 768 1317 839 poetae
1341 766 1393 824 ob·

224 876 381 928 versatum
417 875 475 943 est,
511 868 593 942 quod
628 868 811 927 vocabulum
845 868 1035 948 νεορρύτους
1067 870 1204 944 proxime
1237 844 1391 944 sequitur.

224 975 262 1033 In
286 976 355 1034 aliis
379 974 530 1052 exemplis
553 975 720 1050 vestigium
742 981 853 1051 motus,
878 976 910 1032 in
934 995 1025 1050 quem
1048 976 1119 1050 quis
1143 975 1277 1034 animum
1292 978 1393 1036 inten-

223 1081 368 1143 densita
396 1081 511 1140 dixerit
534 1101 559 1140 s.
584 1082 754 1159 scripserit,
779 1083 831 1140 vix
856 1083 922 1141 erui
945 1087 1060 1158 potest.
1108 1081 1197 1153 Quod
1221 1082 1294 1142 inde
1317 1104 1392 1161 pen-

222 1188 295 1248 dere
332 1207 452 1262 censeo,
482 1187 564 1263 quod
592 1188 739 1265 homines,
765 1209 834 1247 cum
855 1187 934 1246 illud
957 1188 1044 1268 παρά
1068 1208 1137 1248 cum
1159 1191 1296 1264 genitivo
1321 1191 1389 1257 sim

134 1373 137 1380 Ι
222 1295 339 1357 talibus
374 1294 451 1353 locis
486 1301 518 1352 et
547 1294 656 1354 audire
681 1301 715 1353 et
737 1293 884 1377 adhibere
908 1294 1156 1368 consuevissent,
1181 1297 1234 1355 ubi
1258 1297 1297 1356 ad
1320 1317 1389 1356 sen-

222 1404 349 1461 tentiam
382 1421 470 1477 paene
505 1399 585 1458 nihil
619 1398 761 1473 referret,
797 1407 899 1458 utrum
933 1400 991 1459 hoc
1016 1421 1053 1459 au
1077 1401 1154 1458 illud
1178 1410 1388 1487 usurparetur,

220 1509 306 1568 illam
329 1513 520 1566 structuram
548 1507 640 1567 etiam
666 1527 712 1583 eo,
737 1508 790 1565 ubi
810 1505 895 1582 jueta
920 1526 1015 1566 causa
1038 1509 1161 1566 omnino
1185 1509 1320 1585 abesset,
1344 1509 1391 1569 fa-

221 1615 273 1674 cili
308 1616 457 1674 abusione
492 1613 673 1672 intulerunt.
726 1611 781 1672 Ofr
815 1633 885 1688 quae
920 1613 958 1672 de
993 1613 1223 1690 praepositionis
1258 1616 1300 1684 εἰς
1332 1637 1388 1677 usu
1500 1644 1504 1651 -

220 1741 313 1801 supra
341 1721 415 1817 digri.
441 1721 624 1796 -Praecipue
652 1721 684 1777 in
707 1719 765 1778 hoc
787 1739 903 1795 genere
926 1721 1069 1796 ponenda
1092 1725 1163 1778 suut
1187 1720 1336 1782 adverbia
1357 1725 1387 1782 in

219 1827 287 1893 θεν
309 1827 464 1902 exeuntia,
489 1848 558 1887 cum
581 1834 615 1885 ut
639 1846 721 1903 saepe
744 1825 780 1885 fit
804 1847 858 1904 pro
881 1827 1046 1894 adverbiis.
1064 1847 1133 1903 quae
1151 1828 1191 1886 ad
1206 1830 1389 1890 manendum
1420 1841 1423 1846 '

219 1940 250 1995 in
274 1937 341 1996 loco
364 1928 531 2013 pertinent,
556 1941 755 2011 usurpantur,
779 1935 862 1993 sicut
884 1934 932 1993 El.
960 1936 1045 1993 1058
1068 1932 1140 2002 τοὺς
1163 1935 1293 1998 ἄνωθεν
1314 1938 1389 1999 οἰω-

219 2044 302 2114 νούς,
326 2064 355 2103 v.
384 2043 466 2100 1449
491 2041 614 2112 ἔξωθεν
638 2042 712 2122 εἴην,
742 2041 817 2099 Ant.
845 2042 930 2100 1070
953 2044 1017 2101 τῶν
1039 2040 1187 2102 κάτωθεν
1210 2042 1308 2113 θεῶν,
1336 2044 1386 2103 Ai.

220 2152 283 2209 204
306 2155 361 2212 τοῦ
388 2148 576 2229 Τελαμῶνος
598 2147 732 2229 τηλόθεν
757 2149 856 2218 οἴκου,
881 2149 931 2206 Tr.
958 2149 1019 2207 601
1045 2153 1110 2215 ταῖς
1133 2149 1257 2211 ε”σωθεν
1278 2151 1388 2222 ξένοις,

219 2258 258 2317 ad
293 2276 369 2332 quos
403 2257 487 2314 locos
521 2257 553 2313 in
582 2254 812 2314 commentariis
834 2254 933 2313 multa
958 2255 1017 2312 alia
1041 2257 1182 2333 exempla
1205 2249 1403 2316 afferuntur(

307 2363 407 2422 Simili
439 2361 529 2421 modo
553 2366 711 2420 structura
740 2367 812 2438 post
839 2362 943 2437 verba,
969 2381 1037 2437 quae
1064 2369 1158 2438 stare,
1186 2365 1299 2438 sedere,
1322 2382 1386 2424 sua·

217 2489 352 2547 perosum
376 2487 437 2530 ease
462 2474 521 2527 cet.
547 2467 731 2543 significant,
758 2488 775 2525 a
799 2467 949 2527 Kiihnero
965 2476 1050 2528 recte
1068 2470 1249 2547 explanatur
1267 2470 1383 2549 (Ruhn.

218 2578 254 2636 Π
289 2578 351 2634 447
389 2577 430 2653 c),
460 2595 497 2634 ex
526 2594 585 2650 quo
613 2594 726 2652 genere
749 2577 817 2652 ipse
841 2572 932 2634 affert
955 2575 1003 2633 El.
1029 2577 1092 2634 742
1116 2574 1188 2645 τοὺς
1210 2576 1323 2645 ἄλλους
1340 2616 1353 2626 -
1372 2617 1385 2625 -

218 2684 358 2764 δρόμους
381 2682 530 2762 ὠρθοῦθ
557 2682 575 2743 ὁ
598 2681 727 2763 τλήμων
757 2679 859 2760 ὀρθὸς
881 2680 919 2756 ἐξ
941 2679 1066 2765 ὀρθῶν
1090 2680 1231 2767 δίφρων
1256 2686 1303 2763 (se
1328 2686 1386 2743 eri-

216 2811 293 2870 gens
328 2791 391 2869 err-i
429 2796 461 2850 et
488 2792 563 2849 Ant.
589 2791 651 2847 411
677 2789 842 2869 καθήμεθ’
869 2790 990 2872 ἄκρων
1013 2791 1053 2851 ἐκ
1075 2793 1201 2873 πάγων
1224 2791 1385 2872 ύπήνεμοι,

216 2919 305 2975 quem
339 2918 460 2958 versum
495 2899 540 2956 sic
574 2899 776 2972 interpretor:
806 2895 992 2955 sedebamus
1020 2899 1055 2956 ιίι
1079 2914 1206 2957 ευιυιυο
1230 2900 1304 2957 colle
1328 2901 1385 2957 sub

216 3017 318 3081 vento,
343 3007 363 3062 i.
389 3025 415 3062 e.
440 3006 486 3061 ita
509 3009 543 3061 ut
566 3009 679 3061 ventus
704 3001 736 3059 iu
761 3009 848 3078 terga
872 3002 1034 3061 custodum
1058 3002 1221 3079 incideret,
1246 3024 1315 3078 quae
1340 3004 1386 3062 in-

216 3110 399 3188 terpretatio
436 3117 467 3168 61
503 3129 569 3168 cum
605 3107 788 3167 formatione
818 3108 903 3167 illius
926 3109 1081 3189 ὑπήνεμοι
1105 3111 1218 3185 optime
1243 3113 1386 3188 congruit

215 3231 246 3278 et
269 3220 424 3278 sententia
447 3218 578 3276 maxime
603 3197 834 3291 1611111111.Ἰ1ε
857 3219 947 3293 enim,
973 3219 999 3275 si
1025 3237 1042 3275 a
1066 3223 1152 3294 tergo
1173 3225 1287 3276 ventus
1304 3216 1385 3276 iere-

215 3329 270 3384 bat·
304 3333 336 3384 et
371 3335 441 3384 aute
476 3344 527 3383 eos
563 3325 697 3381 cadaver
732 3322 828 3381 situm
862 3329 938 3398 erat,
974 3325 1121 3381 tutissimi
1146 3346 1164 3382 a
1186 3325 1266 3382 malo
1291 3325 1385 3384 odore

215 3441 312 3492 erant.
348 3431 403 3490 Ofr
426 3430 587 3490 Tournieri
612 3431 693 3505 adn,
719 3432 771 3504 qui
794 3432 893 3506 magis
916 3429 1035 3488 infinite
1055 3431 1209 3511 ὑπήνεμοι
1225 3433 1320 3490 vertit
1337 3431 1385 3489 'en

216 3542 302 3599 butte
328 3560 386 3597 aux
410 3539 522 3612 vents',
539 3544 570 3597 et
587 3535 720 3612 Wolffii,
738 3539 791 3612 qui
808 3536 884 3593 illud
903 3535 962 3610 adj.
981 3544 1064 3594 recte
1082 3537 1239 3614 intelligit.
1258 3539 1384 3597 8611υεί-
1418 3597 1421 3605 ,

216 3648 316 3707 dewin
351 3645 466 3720 aliique
500 3645 656 3725 ὑπήνεμοι
690 3643 771 3701 idem
807 3662 874 3701 esse
904 3649 1015 3719 putant
1040 3654 1133 3718 atque
1156 3627 1283 3704 Homeri
1306 3646 1384 3704 illud

215 3754 268 3815 ὅθι
300 3754 419 3820 σκέπας
454 3751 492 3833 ἦν
526 3752 660 3832 ἀνέμοιο.
708 3748 814 3825 Wolff,
852 3748 1022 3826 Oampbell,
1058 3751 1178 3808 Ziemer
1209 3752 1283 3827 (Str.
1312 3773 1383 3829 pag.

217 3863 279 3919 128
306 3863 371 3938 im.)
397 3859 436 3918 ad
460 3859 495 3920 ἒκ
518 3858 626 3919 τόπων
650 3840 878 3934 explanandum
901 3862 1172 3925 κστοισκοποῦντες
1196 3859 1382 3935 intelligunt.

215 3968 263 4026 Ab
292 3968 339 4026 his
368 3968 444 4026 locis
467 3986 526 4024 nou
549 3965 681 4023 multum
705 3962 811 4021 differt
836 3962 872 4020 0.
898 3962 931 4020 C.
958 3965 1021 4021 848
1045 3965 1085 4024 ἐκ
1108 3966 1247 4026 τούτοιν
1271 3968 1384 4047 σκήπ-

213 4096 309 4158 τροιν
333 4074 555 4153 ὁθοιπορήσῃςῑ
581 4072 616 4132 ἔκ
638 4072 719 4128 sicut
735 4077 805 4145 post
822 4071 918 4128 verba
934 4070 1088 4147 pendendi
1107 4070 1301 4148 (Saudstrom
1315 4074 1382 4131 doc.

214 4184 244 4239 in
267 4181 489 4258 praelectione).

301 4289 359 4346 illa
394 4287 646 4366 praepositionum
681 4285 916 4361 incongruentia
952 4283 1047 4344 etiam
1084 4284 1173 4342 aliter
1208 4305 1241 4344 se
1271 4286 1382 4344 habere

212 4401 327 4472 potest,
353 4395 435 4453 sicut
459 4394 532 4450 Ant.
561 4393 645 4448 1204
669 4410 693 4448 s.
718 4390 808 4473 πρὸς
830 4397 1005 4472 νυμφεῖον
1029 4387 1281 4472 εἰσεβαίνομεν,
1301 4394 1382 4467 quod

213 4502 292 4559 idem
327 4501 411 4558 valet
444 4504 537 4573 atque
566 4496 649 4577 πρὸς
677 4502 832 4576 νυμφεῖον
855 4497 1020 4576 ἕβσίνομεν
1044 4496 1134 4564 ὅπως
1157 4498 1200 4565 εἰς
1222 4498 1298 4560 orire
1322 4501 1382 4561 εἷσ-
