3210 4912
1197 276 1236 334 79

111 444 148 503 Ο.
172 442 212 501 R.
238 444 303 501 390
339 439 522 521 (Τειρεσίας)
557 437 613 519 τὴν
646 438 758 518 τέχνην
794 438 824 498 δ’
861 438 922 516 ἔφα
958 407 1089 516 adelide·
1119 434 1183 496 ἐπεὶ
1205 435 1278 514 φέρ’

110 550 184 620 εἰπέ,
199 589 211 598 -
226 589 239 597 -
253 585 273 606 -.
298 547 346 606 El.
363 549 447 605 1172
463 544 581 626 θνητὸς
596 544 626 606 δ’
640 543 801 624 Ὀρέστης
819 543 899 605 ὥστε
910 542 955 623 μὴ
968 542 1036 603 λίαν
1053 542 1144 604 στένε.
1170 541 1281 611 Quam-

110 677 202 733 quam
218 658 251 713 in
266 653 416 731 ejusmodi
433 654 602 711 enuntiatis
621 651 716 710 multo
732 650 855 710 facilior
872 650 912 708 ad
928 648 1165 727 intelligendum
1181 643 1282 706 struc-

111 771 181 822 tura
206 768 263 839 est,
289 761 433 835 quoniam
457 758 497 818 ad
522 758 679 817 absolutas
703 757 934 816 enuntiationes
958 757 1094 834 proxime
1119 755 1280 814 accedunt.

192 1024 330 1092 XVIII.
377 1029 426 1086 De
449 1028 706 1110 assimilatione
729 1041 920 1099 comprom.
945 1025 981 1084 in
1005 1025 1195 1083 infinitivo.

200 1210 232 1250 α.
279 1187 453 1263 Structura,
490 1205 558 1261 quae
594 1186 792 1244 accusativus
822 1204 891 1243 cum
918 1181 1070 1242 infinitivo
1095 1182 1281 1260 appellatur,

112 1295 262 1372 quomodo
298 1299 367 1353 orta
402 1293 454 1370 sit,
480 1291 526 1351 cfr
560 1291 689 1368 Brugm.
719 1286 793 1349 Gr.2
820 1292 891 1349 170.
938 1291 978 1348 In
1005 1289 1160 1368 primariis
1189 1309 1282 1348 enun-

113 1401 199 1460 tiatis
234 1401 383 1460 orationis
418 1399 552 1474 obliquae
587 1397 713 1457 Graeoos
741 1418 808 1457 eam
835 1397 965 1456 formam
990 1397 1172 1456 adhibuisse
1196 1400 1282 1455 nenio
1338 1432 1340 1436 ν

112 1511 244 1584 ignorat.
291 1507 333 1564 Et
368 1526 435 1565 cum
468 1526 503 1565 eo
526 1523 576 1564 res
599 1503 814 1582 processisset,
839 1509 874 1562 ut
898 1503 1069 1563 infinitivus
1093 1511 1128 1562 ut
1152 1503 1283 1578 obliquae

113 1613 263 1673 orationis
292 1613 399 1671 modus
429 1633 499 1671 cum
523 1613 636 1671 ceteris
660 1612 759 1670 modis
784 1610 993 1671 conferendus
1017 1611 1194 1686 sentiretur,
1219 1618 1283 1668 tum

112 1720 206 1779 facile
230 1722 262 1777 in
286 1719 436 1794 subjunta
459 1719 631 1795 enuntiata,
656 1718 757 1794 relat,
783 1724 924 1795 tempor,
942 1738 1050 1795 comp„
1068 1738 1138 1777 raro
1156 1717 1282 1792 condit,

114 1827 286 1885 translatus
311 1833 367 1883 est.
404 1824 561 1883 Praeterea
585 1824 627 1883 ad
650 1823 683 1882 id
706 1826 802 1883 etiam
827 1824 889 1882 alia
913 1826 1090 1900 conspirare
1106 1834 1282 1901 potuerunt,

113 1935 195 1992 sicut
229 1931 368 1991 formalis
405 1930 445 1989 ad
478 1930 650 2008 principale
686 1932 881 1990 enuntiatum
916 1931 1097 1990 assimilatio
1122 1937 1216 2006 atque
1240 1929 1282 2005 id,

113 2040 195 2115 quod
230 2038 412 2098 coordinata
446 2040 674 2097 enuntiatorum
708 2037 883 2115 conjunctio
919 2038 1025 2097 eadem
1058 2037 1283 2116 significatione

111 2147 267 2222 loquentis
292 2166 316 2204 s.
342 2147 507 2204 scribentis
530 2146 662 2204 hominis
687 2147 787 2204 animo
809 2147 1045 2205 obversabatur.
1082 2144 1136 2203 Ofr
1163 2145 1285 2203 Ziemer

114 2254 172 2313 Str.
198 2274 268 2331 pag.
297 2255 369 2329 105,
393 2253 498 2311 Kiihn.
524 2252 560 2310 Π
585 2254 649 2311 594
674 2251 764 2310 Anm.
791 2255 820 2328 ὃ,
844 2254 897 2311 ubi
921 2253 1019 2312 multa
1040 2250 1180 2328 exempla
1201 2256 1283 2310 suut.

113 2360 207 2437 Apud
242 2359 422 2436 Sophoclem
457 2379 550 2417 unum
584 2361 698 2434 inveni,
735 2360 782 2419 El.
819 2362 883 2417 421
914 2379 954 2422 sa.
985 2360 1020 2420 ἐκ
1045 2358 1079 2421 δὲ
1101 2358 1189 2421 τοῦδ’
1215 2359 1284 2420 ἄνω

113 2466 253 2547 βλαστεῖν
276 2466 414 2546 βρύοντα
438 2465 568 2535 θαλλόν,
592 2463 621 2544 ᾧ
644 2465 815 2526 κατάσκιον
837 2471 942 2527 πᾶσαν
956 2462 1124 2550 γενέσθαι
1139 2465 1195 2547 τὴν
1211 2464 1284 2526 Mo-

113 2575 245 2654 κηναιάν
280 2571 393 2653 χθόνα,
422 2573 475 2631 ubi
499 2593 668 2648 pronomen
698 2573 787 2631 relat.
812 2572 896 2632 idem
919 2571 986 2632 fere
1011 2578 1104 2648 atque
1127 2573 1227 2653 τούτῳ
1252 2572 1286 2633 δὲ

112 2680 205 2740 valet.

201 2783 235 2868 β.
283 2785 417 2863 Simplex
451 2785 624 2845 infinitivus
657 2786 747 2864 paulo
771 2786 901 2846 liberius
925 2806 1016 2861 quam
1039 2788 1071 2843 in
1094 2786 1196 2845 soluta
1219 2805 1285 2843 ora-

115 2895 198 2952 tione
233 2897 410 2970 usurpatur.
459 2893 521 2952 Sed
555 2893 737 2971 plerumque
766 2913 841 2952 usus
869 2892 935 2970 ejus
959 2892 1108 2952 facillimo
1133 2893 1284 2967 analogiae

115 3020 226 3076 genere
262 3008 349 3059 ortus
379 3007 435 3058 est.
485 3000 625 3074 Namque
650 3007 703 3058 aut
726 3020 929 3077 synonymum
952 3002 1080 3059 verbum
1105 3020 1214 3077 regens
1238 3012 1286 3058 est

116 3105 195 3164 alius
219 3108 314 3184 verbi,
338 3113 410 3182 post
433 3108 516 3182 quod
539 3105 713 3164 infinitivus
731 3107 871 3165 adhiberi
888 3107 978 3181 solet,
997 3115 1050 3166 aut
1066 3106 1286 3183 significationi

114 3211 181 3289 ejus
209 3214 283 3272 talis
307 3215 402 3289 notio,
428 3233 496 3289 quae
521 3211 708 3271 infinitivum
731 3223 830 3291 regat,
856 3211 948 3272 facile
973 3213 1146 3291 subjicitur.
1195 3213 1284 3285 Quod

114 3320 263 3396 exemplis
292 3323 468 3398 apparebit:
495 3320 545 3378 Αἱ.
572 3322 590 3378 2
614 3319 726 3399 πεῖραν
755 3320 894 3399 ἁρπάσαι
917 3317 1133 3403 θηρώμενον
1147 3323 1285 3401 (magno-

116 3444 186 3500 pere
223 3426 422 3505 studentem).
471 3428 520 3485 ni.
557 3430 620 3485 002
650 3447 673 3485 s
700 3428 843 3510 οἰκτίρω
868 3450 914 3488 νιν
937 3427 1034 3488 λιπεῖν
1059 3428 1286 3503 (misericordia

116 3541 226 3607 captus
262 3531 395 3608 dubito),
430 3554 498 3592 oum
533 3554 592 3609 quo
619 3534 756 3611 exemplo
782 3533 932 3592 Tournier
957 3542 1115 3611 comparat
1139 3533 1197 3594 Od.
1222 3533 1285 3590 XX

116 3641 179 3696 202
205 3658 228 3697 s.
255 3637 313 3698 οἶοι
337 3634 504 3722 ἐλεαίρεις
526 3640 644 3720 ἄνδρας
661 3681 674 3689 -
692 3641 902 3721 -μισγέμεναι
926 3639 1082 3721 κακότητι.
1122 3641 1284 3699 Phileas

114 3744 196 3824 πρὸς
219 3746 248 3805 τί
268 3752 442 3827 μενοῦμεν
466 3747 615 3824 πράσσειν
640 3748 847 3829 (μελλήσομεν
869 3747 926 3826 π..)
958 3746 993 3806 0.
1019 3746 1053 3805 O.
1071 3749 1132 3806 ῖ38
1150 3742 1216 3829 ἧκέ
1231 3770 1285 3826 μοι

116 3853 193 3932 γένει
217 3851 252 3912 τά
277 3850 369 3912 τοῦδε
393 3852 520 3913 πενθεῖν
543 3854 661 3932 πήματ’
688 3855 729 3921 εἰς
752 3853 891 3917 πλεῖστον
914 3853 1041 3922 πόλεως
1065 3853 1232 3934 (προσῆκε)
1255 3865 1286 3911 et

115 3961 249 4019 fortasse
285 3961 369 4035 item,
400 3980 585 4035 quamquain
613 3962 819 4037 personaliter
843 3961 967 4036 dicitur,
992 3982 1020 4021 v.
1049 3963 1088 4018 12
1111 3961 1286 4041 μανθάνειν

116 4066 175 4144 γὰρ
210 4069 345 4149 ἥκομεν
380 4067 460 4137 ξένοι
494 4064 576 4144 πρὸς
611 4065 714 4127 ἀστῶν
745 4069 803 4146 (sio
832 4068 1027 4127 Boissonade
1055 4077 1086 4126 et
1111 4067 1274 4133 Tournior‘)

117 4170 189 4229 Ant.
227 4175 290 4231 233
318 4175 460 4255 ἐνίκησε
481 4172 586 4252 μολεῖν
611 4173 736 4250 (ἔδοξε).
801 4173 842 4232 llr
866 4197 892 4234 v.
919 4177 984 4233 274
1007 4174 1060 4235 καῖ
1082 4175 1165 4234 ταῦτ’
1192 4174 1285 4234 ἐνίκα.

116 4277 166 4335 Ai.
195 4279 278 4336 1334
302 4301 326 4338 s.
352 4281 371 4360 ἡ
395 4281 447 4360 βία
472 4303 506 4340 σε
521 4279 682 4360 μιμῖαμιῖις
698 4282 874 4362 νικησάτω
891 4281 1020 4341 τοσάνιῖε
1036 4286 1134 4360 μισεῖν
1150 4280 1231 4341 ὥστε
1245 4318 1258 4328 -
1272 4320 1285 4329 -

117 4383 318 4463 (paradella).
353 4388 433 4446 Phil.
462 4388 545 4445 1303
569 4388 598 4447 τί
617 4387 649 4467 μ’
679 4383 829 4469 ἀφείλου
853 4388 896 4468 μὴ
921 4394 1052 4449 κτανεῖν.
1088 4389 1162 4447 Ant.
1181 4391 1244 4445 544
1261 4410 1284 4444 s.
