3210 4912
258 242 300 299 48

212 402 301 478 posui
327 406 492 459 assecutus
517 419 595 458 sum.
643 399 703 458 Illo
729 401 810 458 enim
833 399 922 458 modo
947 399 1040 459 credo
1063 399 1196 476 duplicis
1214 402 1386 464 accusativi

213 512 401 565 structuram
426 506 653 584 explanandam
677 526 747 565 esse
773 527 833 565 non
856 507 945 565 modo
969 513 1042 583 post
1064 506 1211 585 κρύπτειν
1236 508 1292 565 sed
1315 514 1387 584 post

213 612 361 692 pleraque
385 616 491 689 verba,
517 634 585 690 quae
603 614 680 672 duos
698 615 895 673 accusativos
912 619 1034 689 regunt,
1053 613 1121 672 dico
1139 613 1238 683 αἰτεῖν,
1255 613 1386 692 ἀριστᾶν,

213 719 468 800 ἀναμιμνήσκειν,
503 719 719 800 ἀμφιεννύναι,
755 718 887 789 ἐκδύειν,
917 719 1093 797 στερίσκειν,
1117 719 1301 799 κατανέμειν
1326 728 1385 779 oet.

208 826 323 903 Neque
358 832 459 886 tamen
489 827 629 901 sequitur
653 827 756 885 omnia
779 824 954 901 hujusmodi
979 827 1075 885 verba
1098 845 1153 903 per
1176 826 1247 884 illos
1270 828 1387 902 gradus

213 933 413 1011 processisse,
443 935 488 992 ita
504 939 546 992 'ut
568 934 700 1011 primurn
725 953 793 991 curn
820 935 997 992 accusativo
1021 953 1160 1011 personae
1179 933 1388 1009 jungerentur

217 1048 277 1099 cet.
327 1040 389 1099 Sed
424 1039 452 1099 si
486 1060 580 1098 unum
603 1039 654 1098 vel
679 1039 813 1098 alterum
836 1040 963 1098 verbum
987 1039 1040 1098 illo
1063 1039 1153 1098 modo
1178 1048 1385 1100 constructum

215 1153 410 1226 acceperant,
436 1146 584 1205 facillime
609 1145 677 1204 fieri
699 1145 814 1223 potuit,
839 1152 874 1204 ut
898 1147 960 1205 alia
984 1149 1090 1223 verba,
1116 1167 1237 1222 quoquo
1262 1149 1387 1206 modoa

214 1253 365 1332 principio
389 1273 456 1311 oum
481 1254 605 1312 casibus
626 1252 846 1329 jungebantur,
873 1253 1025 1328 analogiae
1043 1255 1073 1311 vi
1091 1254 1271 1319 incendam
1287 1261 1388 1313 struc-

215 1367 316 1420 turam
340 1360 570 1419 delaberentur.
618 1361 733 1418 Verum
758 1362 789 1418 in
813 1359 938 1435 singula
961 1361 1114 1435 inquirere
1131 1360 1188 1419 hoc
1204 1361 1271 1420 loco
1287 1381 1388 1420 meum

214 1488 275 1526 non
299 1473 358 1528 est.
404 1467 555 1544 Exempla
580 1468 669 1525 modo
695 1467 832 1543 alteram,
858 1468 970 1543 quibus
995 1469 1088 1524 otiam
1112 1466 1274 1545 Sophoclis
1295 1473 1388 1527 atate

215 1574 300 1634 illam
335 1574 509 1652 analogiam
538 1576 599 1633 vim
623 1573 769 1632 habuisse
795 1580 957 1652 appareat.-
999 1574 1089 1632 Unus
1114 1574 1199 1632 locus
1224 1574 1388 1634 εσ1Ο.·Ο.

219 1684 303 1742 1508
327 1702 351 1740 s.
376 1683 431 1743 καί
452 1682 482 1742 o’
507 1682 587 1760 άπερ
612 1681 764 1762 ξιινήνεσα
798 1681 884 1743 desto)
908 1680 999 1741 πάλιν
1022 1704 1053 1741 τε
1076 1680 1167 1762 τήνάε
1189 1681 1234 1762 μή
1252 1684 1391 1764 ψεύσας

215 1789 333 1859 άανεῖν,
358 1790 384 1847 si
409 1809 446 1848 ex
470 1789 600 1848 relativo
625 1788 706 1867 άπερ
729 1793 824 1849 ταῦτα
848 1788 1086 1863 intelligendum
1110 1793 1168 1864 est,
1192 1788 1274 1862 quod
1294 1789 1389 1848 Tour-

215 1896 283 1953 nier
317 1893 395 1953 dicit
423 1900 456 1952 et
484 1893 748 1972 simplicissimum
773 1895 909 1953 videtur.
959 1893 1125 1953 Confertur
1149 1915 1177 1953 v.
1206 1897 1288 1954 1512
1312 1896 1388 1975 ψεύ-

193 2001 325 2070 Ιἀαντες
349 2000 441 2061 οὐδὲν
465 2007 551 2081 σῆμα
575 2006 639 2062 τῶν
663 2002 891 2081 προκειμένων.
931 1999 1101 2060 efretum
1120 2022 1148 2060 v.
1169 2004 1263 2061 1145.
1301 2002 1388 2060 Simi-

198 2108 288 2167 liter
312 2127 345 2166 se
368 2108 464 2167 habet
486 2108 535 2166 El.
561 2110 624 2167 995
649 2108 771 2187 άράσος
794 2104 931 2190 ὁπλίζῃ.
979 2107 1095 2165 Eadem
1119 2110 1198 2166 ratio
1224 2115 1272 2167 est
1296 2108 1332 2168 Ο.
1354 2108 1388 2167 O.

217 2217 280 2274 866
315 2213 356 2294 μὲ
391 2213 484 2294 ψιλὸν
508 2215 597 2295 ὄμμα
622 2213 840 2288 ἀποσπάσας.
888 2214 950 2273 Hic
974 2214 1101 2292 propria
1124 2221 1283 2274 structura
1306 2222 1391 2275 esset

215 2322 270 2402 μοὶ
293 2319 387 2401 ψιλὸν
411 2320 500 2402 ὄμμα
525 2321 719 2391 ἀποσπάσας,
741 2321 797 2381 sed
815 2321 1037 2381 assimilatione
1055 2321 1094 2380 ad
1110 2323 1207 2381 verba
1223 2323 1390 2401 στερίσκειν

220 2429 288 2488 sim.
314 2447 452 2506 personae
477 2427 663 2505 significatio
687 2430 718 2486 in
744 2430 921 2487 accusativo
945 2427 1048 2504 posita
1065 2435 1130 2487 est.
1167 2429 1283 2488 Eodem
1300 2430 1389 2487 modo

218 2535 416 2595 accusativus
445 2555 587 2613 personae
617 2537 738 2595 exstitit
762 2535 814 2595 Tr.
843 2538 921 2593 1221
955 2535 1103 2596 τοσοῦτόν
1128 2536 1156 2596 σ”
1184 2537 1390 2618 ἐπισκήπτω

219 2643 289 2723 (cfr
313 2643 386 2703 Eur.
413 2643 438 2702 Ι.
465 2642 499 2702 Τ.
528 2643 603 2721 701)
629 2647 661 2701 et
685 2642 736 2702 Αἰ.
762 2644 822 2701 831
842 2643 974 2703 τοσαῦτά
998 2665 1032 2703 σε
1055 2644 1274 2726 προστρέπω.
1313 2641 1389 2700 (lum

217 2751 274 2810 hoc
298 2751 365 2810 loco
391 2755 570 2828 comparant
595 2749 630 2808 Ο.
650 2749 683 2808 O.
710 2751 752 2807 50
775 2750 820 2829 μή
843 2749 873 2829 μ’
901 2749 1051 2828 ἀτιμάσῃς
1074 2745 1121 2809 ὧν
1145 2772 1179 2809 σε
1202 2749 1390 2828 προστρέπισ

211 2857 345 2938 φράσαι.

307 2966 340 3023 si
364 2985 471 3025 verum
495 2967 669 3041 quaerimus,
695 2966 823 3024 verbum
839 2983 951 3040 regens
968 2963 1008 3022 ad
1023 2982 1163 3041 personae
1181 2964 1392 3023 accusativum

218 3092 279 3131 una
303 3071 537 3149 significatione,
563 3071 603 3130 ad
627 3072 672 3129 rei
696 3070 909 3129 accusativum
933 3071 993 3128 alia
1008 3068 1153 3129 refertur.
1190 3068 1246 3128 Otr
1263 3069 1389 3146 Brugm.

219 3174 292 3238 (11.2
318 3180 380 3236 180
406 3184 437 3237 et
461 3197 528 3254 quae
554 3177 619 3255 jam
643 3178 707 3235 dixi
732 3198 798 3254 cap.
824 3178 851 3254 I,
868 3179 969 3258 Πήά.
1008 3176 1133 3251 Contra,
1159 3176 1240 3251 quod
1258 3176 1389 3236 Kiihner

219 3285 296 3344 dicit
321 3285 389 3363 (Gr.
411 3286 451 3353 H
475 3287 549 3362 411,
576 3290 594 3341 u
619 3284 655 3362 f.)
681 3286 808 3344 verbum
833 3305 899 3343 cum
924 3285 970 3342 rei
995 3282 1224 3360 significatione
1246 3285 1277 3342 in
1299 3302 1391 3341 unam

218 3392 374 3452 notionem
411 3393 573 3468 coaluisse,
611 3413 628 3451 a
663 3412 725 3467 qua
757 3412 898 3470 personae
929 3392 1127 3450 accusativus
1150 3389 1309 3467 penderet,
1334 3389 1391 3448 hoc

220 3500 259 3558 ad
293 3500 348 3558 illa
383 3501 479 3558 verba
513 3519 574 3557 non
609 3501 707 3574 magis
731 3500 865 3576 pertinet
889 3519 978 3574 quam
1003 3499 1030 3556 si
1054 3517 1109 3556 nos
1134 3496 1266 3555 dicimus
1292 3495 1392 3570 ’fraga

218 3607 328 3665 honom
364 3606 439 3666 det'.
486 3606 530 3664 At
563 3624 669 3664 verum
693 3625 762 3664 eum
785 3605 903 3665 vidisse
929 3606 1070 3664 existimo
1094 3606 1125 3661 in
1151 3605 1189 3662 iis
1213 3604 1391 3672 structuris,

219 3734 296 3789 quas
321 3716 340 3791 ξ
365 3716 440 3791 411,
466 3715 486 3770 4
509 3715 535 3771 a
561 3716 579 3771 b
605 3719 730 3788 tractat,
757 3713 795 3771 de
820 3711 933 3787 quibus
957 3710 1038 3768 infra
1062 3711 1173 3769 dicam.

307 3818 341 3903 β.
378 3819 399 3877 J
403 3840 450 3878 am
466 3839 559 3878 unam
575 3819 710 3878 vidimus
727 3820 887 3893 rationem,
905 3838 966 3894 qua
982 3819 1184 3875 intransitiva
1196 3817 1291 3876 verba
1309 3821 1392 3874 tran-

218 3929 343 3987 sitivam
359 3929 421 3987 vim
437 3929 618 4004 reciperent.
655 3926 743 3984 Idem
760 3926 891 4003 evenire,
909 3925 936 3985 si
954 3923 1140 4002 significatio
1157 3925 1245 3983 verbi
1259 3923 1297 3982 ad
1310 3923 1392 3982 alius

218 4036 306 4094 verbi
330 4035 486 4093 notionem
510 4033 650 4110 accedat,
677 4032 757 4108 quod
782 4031 996 4091 accusativum
1016 4031 1129 4108 objecti
1143 4029 1206 4107 jam
1223 4035 1322 4107 regat,
1340 4049 1392 4088 no-

221 4152 284 4199 tum
308 4147 366 4201 est.
413 4141 491 4200 Inde
517 4141 722 4199 accusativus·
739 4145 825 4198 ortus
850 4145 898 4198 est
921 4145 992 4217 post
1007 4139 1170 4221 χορεύειν
1189 4137 1275 4215 (Ant.
1298 4138 1391 4195 1151.

221 4248 257 4307 O.
283 4249 322 4307 R.
351 4249 444 4307 1092.
493 4246 515 4304 J
518 4248 575 4307 ebb
605 4251 763 4323 comparat
787 4245 953 4326 κάπταμαι,
977 4244 1123 4324 τίλλσμαι,
1148 4244 1301 4323 τύπτομαι
1325 4263 1393 4302 curn

221 4356 397 4414 accusativo
422 4353 499 4430 ejus,
524 4357 576 4430 qui
600 4354 749 4432 lugetur),
775 4356 903 4436 ἄραρεν
930 4352 989 4431 (ΕΙ,
1021 4353 1091 4409 147.
1130 4349 1185 4408 cfr
1208 4350 1248 4430 μὲ
1270 4349 1393 4429 ἀρέσκει
