3210 4912
1257 278 1299 342 43

171 444 232 501 681
260 448 292 500 et
314 442 474 501 Delbrlick
497 442 528 500 S.
546 441 582 499 F.
600 441 646 500 IV
664 459 735 518 pag.
754 444 795 500 36
812 442 842 500 b.
888 429 961 500 Sed
976 441 1075 501 altera
1097 440 1196 501 forma
1218 451 1345 522 propter

169 548 363 624 frequentem
396 568 484 607 usum
520 547 612 624 louge
647 547 774 624 majoris
808 550 954 606 momenti
989 553 1048 607 est.
1096 548 1140 607 Ut
1170 550 1235 626 jam
1269 550 1344 629 dixi,

170 655 320 734 singulari
356 664 410 714 aut
443 654 557 732 plurali
591 645 718 713 numero
754 655 931 713 utebantur.
978 654 1039 726 Qui
1075 654 1192 714 lactum
1228 658 1280 735 eit,
1310 662 1346 715 ut

171 762 348 839 discrimen,
382 761 464 838 quod
499 763 536 821 ab
561 761 652 821 initio
678 768 761 820 certe
785 763 869 820 inter
893 781 1036 820 numeros
1059 767 1136 840 erat,
1160 768 1233 840 post
1255 781 1345 841 paene

171 871 431 946 exstingueretur,
470 868 631 928 Delbrlick
666 870 780 946 optime
814 868 940 946 exponit
976 868 1021 948 (S.
1047 869 1083 928 F.
1108 869 1155 928 IV
1176 889 1260 947 pag..
1277 871 1343 948 34).

171 978 242 1037 Jam
277 975 418 1053 exempla
450 976 599 1035 nonnulla
623 974 763 1035 afferam:
798 976 873 1035 Ant.
901 977 964 1036 743
989 975 1028 1037 οὗ
1052 972 1173 1038 δίκαια
1195 975 1345 1062 ἐξαμαρ·

170 1087 334 1164 τάνουσα,
358 1105 386 1143 ν.
414 1085 455 1141 74
485 1082 566 1146 ὅσια
594 1085 883 1167 πανουργήσασα.
929 1082 978 1141 El.
1006 1084 1067 1141 331
1098 1084 1183 1145 κενὰ
1205 1083 1345 1167 χαρίζε·

172 1186 270 1254 σδαι.
315 1191 438 1266 Fragm.
466 1192 529 1248 616
560 1187 680 1252 δίκαια
707 1192 882 1273 τέρψεται.
907 1226 948 1232 -
973 1187 1009 1248 Ο.
1034 1189 1074 1248 R.
1103 1191 1188 1248 1300
1212 1210 1236 1250 e.
1260 1191 1304 1259 τίς
1327 1191 1346 1253 ὁ

171 1291 334 1380 πηδήσας
367 1295 611 1378 μείζονατῶν
645 1297 818 1376 μοκίστοον.
844 1332 884 1339 -
909 1296 959 1355 Ai.
988 1297 1070 1355 1011
1101 1291 1213 1379 μηδὲν
1242 1294 1347 1360 ileon

171 1400 286 1489 γελᾶν.
333 1401 369 1463 Ο.
391 1402 425 1462 Ο.
452 1405 514 1462 319
531 1424 564 1467 e.
589 1400 725 1486 φαιδρὰ
760 1409 837 1483 γοῦν
872 1403 923 1464 ἀπ’
960 1403 1117 1484 ὀμμάτων
1152 1407 1264 1467 σαίνει
1297 1429 1346 1485 με.

173 1547 214 1555 -
243 1508 279 1570 Ο.
310 1509 344 1570 0.
377 1512 460 1569 1696
497 1506 709 1593 κατάμεμτττ’
748 1508 889 1593 ἐβήτην.
936 1510 973 1569 Ο.
998 1511 1037 1570 R.
1067 1513 1131 1569 884
1163 1513 1346 1595 ὑπέροπτα

171 1620 369 1701 πορεύεται.
394 1654 436 1661 -
460 1617 509 1677 El.
535 1619 598 1676 962
622 1612 770 1701 ἄλεκτρα
804 1619 1053 1701 γηράσκουσαν
1089 1619 1282 1700 ἀνυμέναιά
1305 1642 1344 1679 τε.

174 1761 215 1769 -
251 1724 302 1782 Tr.
339 1726 402 1782 846
443 1720 530 1786 ὀλοὰ
568 1726 688 1786 στένει.
728 1761 769 1768 --
806 1723 842 1783 0,
879 1723 918 1782 R.
957 1724 1021 1781 268
1057 1743 1082 1782 ε.
1118 1721 1200 1786 τάδε
1236 1725 1345 1807 ὑπερ-

174 1837 364 1914 μαχοῦμαι.
410 1829 509 1890 Simil.
545 1831 594 1890 Ai.
634 1832 718 1889 1346
748 1829 785 1891 σὺ
813 1825 902 1892 ταῦτ’
906 1877 916 1909 ‚
936 1828 1101 1901 Ὀδυσσεῦ,
1125 1829 1212 1890 τοῦδ’
1237 1831 1346 1912 ὑστερ-

172 1946 298 2022 μαχεῖς
331 1939 409 2018 ἐμαί.
456 1938 530 1996 Ant.
561 1939 625 1996 660
653 1937 682 1997 τί
713 1931 807 1998 ταῦτ’
845 1937 945 2018 ἀνιᾷς
979 1958 1027 2016 με.
1076 1935 1112 1995 Ο.
1142 1936 1181 1994 R.
1211 1938 1294 1994 1327
1320 1956 1344 1995 e.

172 2052 317 2108 τοιαῦτα
352 2044 409 2113 σδς
444 2045 535 2125 ὄψεις
568 2050 732 2127 μαρᾶναι.
780 2043 828 2102 ΕΙ,
855 2045 919 2101 613
943 2049 1087 2105 τοιαῦτα
1110 2042 1166 2124 τὴν
1193 2049 1346 2105 τεκοῦσαν

78 2180 82 2184 ·
170 2149 333 2237 ὕβρισεν.
374 2153 454 2211 Phil.
484 2153 567 2209 1242
591 2151 635 2219 τίς
658 2151 742 2212 ἔσται
764 2151 795 2230 μ’
823 2146 1084 2213 ούτιικωλύσων
1099 2148 1190 2212 τάδε.
1228 2151 1346 2210 Eodem

173 2260 262 2320 modo
287 2240 472 2338 explanatur
494 2259 543 2318 El.
570 2261 633 2318 219
659 2280 683 2317 s.
708 2258 845 2321 τέκταινα
871 2257 947 2319 ἀεὶ-
964 2257 1199 2336 πολέμους·τὰ
1222 2254 1261 2319 δὲ
1283 2264 1346 2326 τοῖς
1387 2320 1393 2335 .

174 2367 316 2435 δυνατοῖς
337 2367 396 2428 οὐκ
413 2366 515 2447 ἐριστὰ
532 2366 674 2436 πλάθειν,
692 2363 798 2426 11111111
816 2365 851 2426 δέ
867 2365 1056 2424 antecedens
1072 2363 1231 2444 πολέμους
1247 2366 1345 2442 magis

173 2475 205 2532 in
228 2475 407 2533 universum
431 2473 558 2551 excipit.
607 2473 758 2531 Teurnier
783 2473 1023 2531 circumscribit:
1042 2467 1132 2532 αὗται
1150 2470 1183 2532 δὲ
1199 2472 1232 2532 αῖ
1246 2471 1346 2550 ἔριδες

173 2585 236 2648 τοῖς
271 2580 418 2649 δυνατοῖς
453 2580 512 2641 οὐκ
548 2580 664 2659 ἐρισταί
696 2579 770 2639 εἰσιν
806 2579 886 2639 ὥστε
920 2577 1063 2648 πελάζει-ν
1097 2577 1208 2645 αὐτοῖς.
1256 2577 1347 2648 Quod

174 2687 284 2748 Nauck
307 2687 484 2747 Froelichio
509 2695 633 2745 auctore
657 2692 767 2763 mutat,
792 2686 1034 2744 incertissimum
1049 2674 1104 2742 'eet
1124 2704 1223 2758 neque
1240 2703 1345 2743 necea-

173 2796 290 2853 sarium
313 2801 398 2871 puto,
445 2778 584 2853 Koibelii
608 2793 834 2871 expositionem
859 2792 951 2869 hujus
976 2792 1035 2849 loci
1060 2808 1156 2868 supra
1180 2791 1280 2849 attuli.
1303 2827 1344 2834 —-

173 2903 241 2961 Hoc
264 2903 353 2961 modo
377 2906 521 2961 neutrum
546 2900 695 2978 adjectivi
720 2906 775 2959 out
798 2900 988 2977 pronominis
1013 2904 1084 2975 post
1099 2898 1196 2957 verbe
1212 2897 1344 2974 ponitur,

173 3011 226 3068 ubi
250 3031 306 3069 nos
331 3009 483 3086 objectum
506 3011 538 3066 in
563 3009 622 3067 alio
647 3028 721 3066 casu
744 3009 879 3086 positum
902 3007 1043 3081 1011111110,
1069 3008 1150 3065 sicut
1165 3011 1235 3082 poet
1252 3007 1347 3065 verba

174 3116 341 3192 regnandi:
375 3115 410 3174 Ο.
436 3116 474 3174 R.
501 3117 565 3174 904
593 3109 693 3176 πάντ’
726 3116 900 3176 ἀνάσσων.
946 3112 1026 3172 Phil.
1053 3113 1093 3170 99
1123 3111 1179 3193 τὴν
1209 3111 1347 3191 γλῶτταν

173 3218 284 3285 πάνθ’
322 3224 534 3305 ἡγουμένην.
583 3221 618 3280 Ο.
650 3221 683 3280 Ο.
714 3223 777 3279 839
812 3220 857 3300 μὴ
894 3220 1027 3282 6111τοοδ
1064 3222 1087 3281 ἃ
1120 3219 1164 3300 μὴ
1201 3227 1346 3303 κρατεῖς.

176 3330 212 3389 Ο.
237 3331 276 3389 R.
306 3332 389 3389 11122
414 3351 438 3388 s.
467 3331 581 3392 πάντα
608 3328 652 3408 μὴ
682 3327 801 3409 βούλου
825 3334 974 3411 κρατεῖν.
1022 3327 1073 3385 Τ1.
1099 3323 1164 3385 ’127
1193 3326 1211 3387 ὁ
1234 3323 1348 3388 πάντα

174 3440 331 3520 κραίνων
353 3436 511 3518 poetisne:
538 3437 639 3495 omnia
662 3436 852 3512 gubernans,
877 3454 1062 3509 quamquam
1078 3432 1213 3492 fortasse
1229 3435 1347 3492 rectius

174 3546 320 3603 vertitur:
346 3545 447 3602 omnia
470 3541 643 3620 perficiens.
681 3540 736 3600 Ofr
760 3546 863 3600 tamen
888 3540 925 3600 Ο.
950 3539 984 3598 Ο.
1003 3541 1067 3597 448
1084 3561 1121 3614 0.,
1147 3541 1229 3615 quod
1253 3560 1347 3616 supra

176 3651 277 3710 attuli.
304 3687 344 3694 —
369 3649 485 3708 Similis
519 3654 679 3708 structura
713 3652 785 3725 post
819 3648 926 3724 verbo,
963 3667 1031 3722 quae
1066 3649 1239 3724 genitivum
1266 3651 1346 3723 part.

175 3762 298 3833 regunt,
322 3758 488 3815 invenitur.
534 3754 569 3814 Ο.
595 3754 628 3814 Ο.
658 3756 741 3814 1106
766 3755 858 3822 αἰτεῖς
882 3756 905 3815 ἃ
927 3752 1040 3836 τεύξῃ.
1079 3754 1152 3812 Ant.
1180 3755 1243 3812 546
1267 3752 1345 3833 μηδ’

176 3866 199 3925 ἃ
220 3863 265 3944 μὴ
284 3859 399 3948 ’διγες
421 3869 515 3924 ποιοῦ
539 3868 678 3942 σεαυτῆς.
725 3861 816 3932 Quod
841 3860 999 3938 Oampbell
1022 3860 1105 3940 (an.
1125 3880 1163 3918 on
1179 3859 1232 3918 the
1249 3859 1346 3936 Lang.

175 3992 245 4048 pag.
272 3973 324 4046 59,
350 3973 391 4029 35
410 3969 439 4045 a)
465 3969 505 4028 ad
529 3970 587 4028 hoc
611 3969 783 4046 exemplum
807 3967 887 4026 dicit
906 3968 997 4045 (ipro
1013 3967 1106 4028 ταῦθ’
1125 3964 1172 4029 ὧν
1197 3966 1347 4025 acsimila-

175 4080 259 4138 tione
285 4079 319 4156 (i.
345 4098 371 4136 e.
396 4075 531 4155 formali)
562 4077 696 4151 positum
731 4095 809 4152 ease,
844 4095 954 4153 parum
983 4072 1134 4133 credibile
1162 4077 1219 4131 eet.
1268 4071 1349 4130 Nam

175 4203 214 4242 ne
249 4186 287 4244 de
319 4183 392 4243 aliis
426 4185 529 4242 causis
553 4184 664 4257 dicam,
690 4183 751 4241 alia
775 4182 915 4259 exempla
938 4186 1022 4256 sunt,
1047 4180 1099 4239 ubi
1123 4179 1274 4255 ejusmodi
1297 4198 1348 4237 ex-

175 4291 343 4369 plicatione
367 4292 412 4349 uti
436 4311 496 4350 non
521 4290 630 4349 liceat:
655 4288 690 4350 Ο.
708 4288 742 4347 Ο.
763 4290 848 4347 1168
865 4294 922 4350 σοῦ
938 4295 1041 4350 ταῦτα
1057 4294 1186 4370 τυχεῖν.
1224 4286 1347 4363 Fragm.

177 4401 242 4460 824
266 4398 463 4488 δακρυρροεῖ
483 4403 559 4483 γοῦν
583 4396 636 4461 καὶ
658 4397 700 4461 τδ
722 4395 776 4461 καὶ
798 4397 840 4460 τὰ
862 4391 1058 4481 τυγχάνων.
1104 4392 1161 4456 cfr
1185 4392 1265 4455 Phil.
1285 4393 1346 4453 231
