3210 4912
704 1344 835 1444 Cap.
865 1346 900 1427 Ι.
935 1289 938 1294 .

363 1556 427 1624 De
453 1556 765 1625 assimilatione
791 1559 972 1624 externa
997 1575 1030 1625 s.
1055 1557 1237 1626 formali.

304 1737 498 1796 assimilatio
534 1743 662 1796 externa
697 1740 803 1814 oritur,
834 1740 860 1795 si
890 1757 905 1795 e
930 1738 1100 1815 vocabuliS,
1126 1759 1194 1814 quae
1218 1738 1390 1798 formaliter

215 1844 298 1902 inter
326 1863 359 1902 se
386 1844 447 1903 vim
471 1864 615 1903 exercere
639 1864 699 1902 non
724 1844 890 1921 debebant,
916 1850 1021 1903 tamen
1043 1851 1171 1922 propter
1193 1847 1390 1905 vicinitatem

215 1950 264 2008 vel
289 1952 528 2010 associationem
552 1950 714 2028 quandam,
741 1971 808 2026 quae
833 1954 865 2009 in
890 1951 955 2027 ejus
980 1951 1033 2026 qui
1056 1953 1194 2028 loquitur
1218 1955 1319 2012 animo
1343 1955 1390 2010 in-

216 2064 333 2116 terea
367 2060 547 2135 intercedit,
583 2079 677 2116 unum
714 2059 841 2117 alterius
870 2057 999 2118 formam
1029 2061 1089 2120 sibi
1113 2058 1283 2138 subjungit.
1329 2059 1390 2118 Vel

214 2163 397 2222 vocabulum
421 2165 459 2222 de
483 2165 593 2243 forma,
619 2186 710 2241 quarn
733 2171 862 2242 propter
878 2185 967 2224 suam
983 2168 1015 2224 in
1033 2168 1188 2226 sent-entia
1204 2167 1389 2244 positionem

212 2271 327 2328 habere
363 2270 507 2349 debebat,
545 2271 690 2349 dejicitur
724 2278 755 2331 et
790 2272 830 2330 ad
865 2272 944 2331 alius
979 2274 1124 2332 vocabuli
1158 2274 1391 2350 congruentiam

214 2379 473 2437 accommodatur.
522 2379 677 2456 Exemplis
701 2398 751 2437 res
776 2381 911 2455 apertior
934 2378 1001 2438 fiet:
1028 2379 1122 2441 οὐδὲν
1144 2374 1196 2441 ὦν
1212 2379 1292 2460 λέγει
1308 2385 1394 2441 ποιεῖ

215 2483 276 2560 (El.
307 2485 384 2562 319)
414 2506 470 2562 pro
499 2485 593 2546 οὐδὲν
624 2484 771 2565 (τούτων)
801 2487 819 2546 ἃ
849 2485 929 2565 λέγει
956 2491 1054 2559 aciei·
1083 2486 1211 2566 σφόδρα
1240 2487 1316 2567 ἡμῖν
1345 2485 1395 2547 δεῖ

214 2599 335 2682 ἄκρων
370 2592 447 2655 εἶναι
481 2598 552 2654 τῶν
587 2594 769 2676 ἀρχόντων
806 2592 901 2672 (Plau.
927 2590 994 2651 Civ.
1019 2594 1083 2651 459
1108 2593 1142 2670 b)
1179 2614 1233 2670 pro
1269 2594 1392 2671 ἄκρους

214 2703 291 2765 εἶναι
314 2707 388 2769 τοῦς
411 2700 576 2779 ἄρχοντας.

320 2931 350 2996 Ι.
399 2935 448 2992 De
472 2933 727 2992 assimilatione
751 2933 890 2990 formali
914 2934 1052 3004 generis
1077 2937 1113 2991 et
1137 2932 1287 2991 numeri.

298 3114 335 3178 a.
383 3092 560 3168 Subjectum
595 3091 646 3150 vel
681 3085 1092 3169 objectum-pronominale‚
1130 3112 1198 3150 curn
1224 3094 1256 3149 in
1280 3101 1392 3151 neutro

216 3219 331 3278 genere
367 3199 541 3276 ponendum
572 3205 667 3271 esset,
692 3200 896 3273 substantivo,
922 3199 1004 3272 quod
1028 3197 1232 3275 praedicatum
1256 3206 1314 3273 cst,
1339 3218 1392 3276 ge-

215 3326 290 3365 nere
314 3311 346 3364 et
370 3325 498 3363 numero
522 3305 701 3381 plerumque
726 3304 896 3363 assimilari
920 3311 1027 3362 notum
1051 3312 1109 3363 est.
1148 3304 1244 3381 Cujus
1264 3305 1309 3362 rei
1325 3306 1393 3364 haec

216 3433 311 3472 causa
336 3425 394 3487 est,
420 3411 501 3486 quod
529 3410 701 3487 subjectum
726 3413 789 3488 (vel
815 3410 978 3488 objectum,
1004 3412 1086 3486 quod
1109 3410 1193 3469 inira
1216 3412 1393 3489 intelligen-

216 3518 288 3577 dum
320 3520 384 3594 est)
421 3525 453 3576 et
487 3502 722 3594 praedicativum
751 3518 880 3576 eandem
908 3538 973 3575 rem
1002 3517 1181 3593 significant
1205 3526 1236 3576 et
1260 3517 1393 3593 subjecti

216 3627 301 3684 notio
336 3624 528 3703 predicativo
564 3623 711 3682 definitur
746 3630 777 3682 et
814 3625 999 3683 declaratur.
1048 3624 1098 3681 Ita
1131 3626 1164 3681 in
1197 3623 1393 3684 affirmativis

216 3732 393 3790 enuntiatis.
442 3729 545 3789 Aliter
580 3738 683 3789 tamen
712 3749 761 3788 res
785 3731 946 3805 sehabet,
972 3750 1040 3787 cum
1063 3732 1212 3807 negativa
1237 3733 1394 3789 sententia

217 3844 274 3897 est.
323 3838 400 3895 Tum
425 3839 505 3895 enim
530 3838 705 3914 subjectum
729 3837 810 3895 idem
835 3850 926 3911 atque
951 3836 1189 3913 praedicativum
1213 3831 1283 3895 esse
1305 3837 1394 3912 plano

216 3952 360 4021 negatur.
407 3944 512 4002 Nihilo
537 3947 637 4002 minus
663 3943 815 4020 ejusmodi
840 3946 1013 4018 exaequatio
1038 3945 1131 4002 etiam
1155 3943 1200 4001 ibi
1224 3945 1393 4019 invenitur,

217 4051 299 4126 quod
335 4050 486 4127 analogia*
523 4053 552 4109 vi
582 4050 697 4108 factum
726 4048 825 4128 est¹).
873 4050 975 4124 Hujus
1000 4053 1045 4108 rei
1069 4050 1209 4127 exempla
1233 4050 1316 4127 apud
1340 4050 1395 4108 So-

309 4226 329 4285 1)
360 4227 441 4286 Quod
461 4228 573 4275 Zieurer
598 4228 711 4276 Streiiz.
732 4242 795 4291 pag.
817 4229 850 4275 liii
864 4227 880 4276 p
895 4227 965 4274 dicit
985 4229 1013 4274 in
1035 4227 1125 4275 latina
1146 4225 1245 4285 lingua
1264 4227 1317 4274 bno
1338 4241 1395 4274 non

217 4316 289 4365 fieri.
319 4332 375 4364 non
405 4331 504 4364 verum
534 4325 585 4366 esi.
625 4317 708 4364 Certe
739 4316 813 4379 apud
843 4317 1008 4363 t'icernnern
1035 4315 1152 4375 legitur:
1178 4331 1235 4362 non
1260 4316 1397 4364 amicitia*

219 4403 297 4456 talea.
318 4405 368 4452 sed
388 4404 601 4467 conjurationea¹
621 4404 755 4467 putanda¹
776 4412 850 4453 sunt
