3210 4912
375 239 416 295 22

330 401 507 474 spectamus
540 398 719 477 κοιμήματα
763 397 978 479 (ιύτογεννήτῳ
1021 399 1096 479 cipp
1133 400 1225 479 πατρὶ
1247 441 1260 450 -
1283 441 1310 462 -.
1368 401 1509 460 Dindorf

329 505 375 562 sic
411 504 559 579 explicat:
586 505 772 562 connubium
795 505 927 563 Iocastes
956 525 1025 564 cum
1049 506 1179 585 Oedipo,
1204 527 1294 582 quem
1319 507 1389 585 ipsa
1412 527 1504 586 pepe-

331 619 423 672 reret.

364 891 424 957 lv.
472 895 521 954 De
545 897 802 955 assimilatione
826 897 965 955 formali
989 901 1190 970 temporum
1217 901 1253 956 et
1280 900 1474 958 modorum.

420 1093 452 1133 α.
499 1072 584 1130 Vera
618 1074 766 1148 temporis
801 1071 943 1149 trajectio
978 1071 1113 1132 fortasse
1148 1073 1238 1132 nohis
1266 1077 1434 1134 statuenda
1458 1085 1505 1136 est

331 1180 411 1238 Phil.
451 1181 535 1238 1394
563 1180 676 1241 πείσειν
704 1178 930 1258 δυνησόμεσθα
954 1179 1063 1259 μηδὲν.
1111 1180 1173 1240 Sed
1197 1182 1363 1241 verisimile
1388 1188 1437 1241 est
1460 1181 1506 1240 fu-

332 1293 436 1345 turum
470 1287 617 1347 infinitivi
651 1288 680 1346 h.
707 1285 726 1345 l.
751 1276 889 1362 ejusdem
923 1287 1049 1361 generis
1086 1307 1155 1346 esse
1191 1296 1285 1363 atque
1313 1296 1386 1366 post
1414 1293 1506 1349 verba

331 1393 512 1469 voluntatis,
538 1394 576 1451 de
601 1414 661 1469 qua
686 1414 719 1452 re
744 1391 825 1451 infra
849 1413 938 1471 agam
963 1393 1053 1473 (Cap.
1077 1394 1141 1472 ΙΙΙ,
1156 1401 1225 1450 XVI
1237 1397 1282 1476 β).

422 1518 454 1576 si
494 1519 525 1575 in
565 1517 712 1594 primario
750 1517 910 1576 enuntiato
945 1530 1085 1594 tempora
1122 1518 1272 1578 historica
1308 1520 1506 1597 hypothetico

332 1644 425 1684 sensu
447 1625 551 1701 posita
575 1638 656 1701 sunt,
682 1626 777 1682 etiam
797 1626 828 1682 in
846 1622 1020 1705 subjunctis
1038 1625 1210 1685 enuntiatis
1226 1627 1383 1686 interdum
1400 1628 1507 1686 eadem

332 1738 471 1808 tempora
507 1731 729 1790 assimilatione
763 1732 908 1808 usurpari
943 1736 1048 1789 notum
1077 1738 1135 1796 est.
1183 1732 1245 1791 sed
1273 1753 1341 1792 cum
1370 1742 1507 1810 tempora

331 1839 390 1898 hac
414 1837 642 1921 significatione
663 1837 768 1915 posita
783 1838 942 1897 modorum
958 1840 1026 1896 vioe
1042 1837 1223 1915 fungantur,
1240 1841 1319 1899 hanc
1336 1860 1400 1899 rem
1417 1842 1508 1901 simul

333 1966 401 2004 cum
424 1945 585 2005 modorum
608 1944 792 2021 trajectione
816 1947 848 2003 in
872 1947 1016 2021 sequenti
1039 1947 1189 2004 incisione
1214 1949 1365 2006 tractabo

420 2068 455 2153 β.
502 2070 535 2128 si
558 2071 696 2149 primarii
719 2071 874 2129 enuntiati
898 2071 978 2128 ratio
1002 2069 1206 2146 hypothetica
1228 2079 1281 2129 aut
1297 2074 1437 2148 optativa
1455 2081 1509 2130 aut
1595 2138 1598 2143 ⁴

333 2179 513 2256 potentialis
538 2183 597 2253 est,
632 2179 665 2234 in
689 2175 851 2253 subjuncto
877 2175 1037 2235 enuntiato
1061 2174 1155 2252 finali,
1181 2177 1321 2251 relativo,
1347 2179 1509 2254 temporali

249 2351 253 2361 ,
333 2284 416 2344 idem
450 2284 559 2343 modus
596 2284 659 2362 (vel
694 2292 815 2360 tempus
843 2281 959 2340 modali
987 2281 1032 2360 vi)
1064 2287 1157 2356 atque
1181 2285 1212 2340 in
1236 2285 1395 2342 enuntiato
1419 2285 1507 2360 prim.

333 2411 415 2468 saepe
439 2393 607 2450 invenitur.
655 2390 732 2450 Haec
755 2389 925 2447 formarum
950 2388 1152 2464 congruentia
1175 2389 1245 2466 plus
1269 2391 1408 2450 minusve
1430 2393 1509 2452 nesi-

333 2501 497 2560 mildtione
530 2501 597 2557 orta
626 2516 695 2557 esse
723 2501 862 2575 putatur.
910 2495 1011 2553 Etiam
1037 2497 1069 2553 in
1092 2497 1190 2555 latino
1215 2516 1354 2556 sermone
1379 2498 1509 2556 similem

334 2607 526 2684 conjunctivi
547 2625 636 2664 usum
657 2624 739 2683 saepe
760 2604 894 2663 inveniri
915 2602 1036 2661 Ziemer
1057 2603 1194 2661 ostendit
1212 2603 1288 2684 (Str.
1305 2624 1376 2680 pag.
1396 2605 1438 2662 83
1456 2604 1508 2682 s).

334 2714 376 2771 Et
411 2734 504 2789 quam
538 2711 631 2771 facile
668 2711 820 2790 ejusmodi
855 2710 1014 2768 modorum
1049 2713 1223 2786 exaequatio
1252 2710 1316 2787 fiat,
1342 2731 1379 2770 ex
1403 2716 1510 2769 nostra

334 2822 482 2897 loquendi
515 2821 635 2878 ratione
671 2836 859 2894 cognoscere
894 2817 979 2876 licet.
1027 2816 1114 2894 Saepe
1150 2819 1230 2876 enim
1264 2818 1322 2877 hoc
1350 2818 1438 2877 modo
1464 2818 1511 2876 vel

310 2929 477 2998 ¹similiter
513 2926 657 2985 dicimus:
697 2925 776 2984 ιι0111
803 2926 844 2982 du
868 2905 942 2983 vore
966 2922 1057 3001 flitig,
1082 2924 1191 2983 medan
1216 2925 1257 2983 du
1282 2942 1353 2985 vore
1377 2944 1450 3002 ung,
1476 2928 1511 2982 sa

334 3036 415 3112 finge
452 3034 493 3091 du
528 3033 622 3108 hvila,
659 3041 715 3091 n‘ar
743 3032 784 3090 du
809 3033 904 3110 blcfm
927 3031 1089 3109 gammal.“
1138 3031 1176 3089 In
1200 3031 1258 3090 hoc
1281 3031 1418 3108 exemplo
1443 3051 1510 3089 sen-

336 3143 433 3201 tentia
468 3138 547 3198 nihil
575 3138 640 3198 fere
663 3145 783 3198 mutata
805 3157 944 3216 praesens
967 3138 1030 3196 ind.
1055 3139 1088 3196 in
1112 3140 1284 3197 enuntiatis
1308 3144 1398 3215 temp.
1426 3138 1511 3196 adhi-

336 3251 409 3308 bere
445 3266 617 3325 possumus,
653 3247 735 3306 unde
772 3251 902 3325 apparet
939 3244 1129 3322 conjunctivi
1164 3264 1252 3302 usum
1287 3265 1371 3303 mera
1405 3243 1511 3304 formae

336 3355 526 3432 trajectionev
555 3359 655 3413 ortum
691 3373 772 3413 esse.
819 3352 937 3411 Eadem
971 3353 1004 3410 in
1037 3371 1139 3427 graeco
1175 3371 1315 3411 sermone
1344 3353 1423 3409 ratio
1452 3357 1511 3409 est.

336 3463 398 3522 Sed
432 3467 483 3534 ut·
501 3480 577 3522 vera
612 3459 794 3519 assimilatio
829 3470 1056 3534 nonnumquam
1083 3457 1251 3533 invenitur,
1276 3459 1322 3518 sio
1346 3466 1431 3517 certe
1455 3459 1513 3515 hoc

335 3590 445 3629 nomen
479 3572 511 3627 in
546 3566 759 3645 grammaticis
788 3546 819 3625 et
841 3566 990 3625 librorum
1015 3566 1242 3624 commentariis
1266 3584 1326 3623 non
1350 3585 1421 3623 raro
1445 3584 1513 3641 per-

336 3697 442 3756 peram
465 3681 644 3752 usurpatur.
691 3674 733 3732 Et
756 3672 854 3733 fateor
878 3693 944 3732 rem
967 3690 1049 3750 saepe
1074 3670 1290 3730 difficillimum
1315 3692 1384 3731 esse
1402 3670 1513 3748 dijudi-

337 3803 418 3861 care,
454 3783 629 3860 praesertim
664 3800 733 3839 cum
768 3780 800 3839 in
835 3780 999 3857 potentiali
1034 3778 1157 3838 ratione
1186 3798 1223 3838 ea
1250 3783 1403 3837 versetur.
1452 3777 1513 3836 seu

337 3910 522 3967 quamquam
551 3891 584 3948 in
612 3888 693 3949 hano
717 3908 782 3948 rem
807 3888 982 3946 accuratius
1003 3885 1160 3961 inquirere
1185 3891 1217 3946 et
1240 3885 1458 3944 delectationis
1483 3899 1514 3942 et

337 3997 486 4058 utilitatis
521 3997 651 4055 multum
687 3996 827 4068 haberet,
862 3999 965 4053 tamen
1000 3993 1057 4053 hoc
1092 3977 1228 4070 tempore
1256 3989 1334 4048 nihil
1362 3989 1429 4049 fere
1453 3991 1513 4048 nisi

338 4105 488 4182 exempla,
525 4124 592 4180 quae
627 4103 728 4180 aliquo
763 4101 853 4160 modo
889 4101 920 4158 in
953 4100 1012 4159 hoc
1039 4119 1165 4159 numero
1190 4099 1298 4158 haberi
1326 4098 1457 4174 possint,
1482 4098 1515 4154 in

337 4231 450 4288 genera
478 4212 631 4288 disposita
658 4211 692 4270 in
714 4209 849 4269 medium
872 4206 1036 4285 proferam.
1084 4207 1241 4267 Praeterea
1264 4204 1303 4264 de
1327 4205 1385 4262 hac
1409 4222 1442 4260 re
1467 4201 1523 4261 cir·

336 4317 444 4378 auhn.
471 4318 606 4393 11399,
633 4320 661 4375 e.
