3210 4912
348 228 389 284 24

387 406 411 445 o.
459 385 663 461 Subjunctum
699 388 895 443 enuntiatum
929 387 1109 462 temporale.
1164 385 1257 462 Apud
1293 385 1475 462 Sophoclem

297 493 414 563 nullum
449 493 620 570 exemplum
656 492 771 551 inveni.
820 493 969 570 Exempla
994 493 1142 551 habemus
1167 493 1266 568 Kriig.
1292 494 1358 550 Att.
1384 493 1473 568 Syut.

299 602 350 676 54,
379 601 429 676 10,
456 601 473 655 0
501 600 584 676 (post
609 600 694 677 ἕως),
720 601 828 657 Monro
854 600 942 658 Hom.
970 600 1073 658 (iram.
1101 602 1163 657 320
1183 598 1254 677 (od.
1273 601 1303 674 4,
1324 601 1385 656 178
1403 605 1474 676 post

296 707 369 784 πρίν
393 707 416 785 γ’
440 706 515 783 ὅτε),
541 705 615 764 Cav.
647 705 735 782 Synt.
769 708 839 781 183,
869 709 883 763 1.
918 706 1151 785 (cularitatis),
1185 706 1335 764 Gooduin
1364 705 1474 763 Moods

301 814 374 870 028.

386 925 423 975 Β.
470 919 607 976 Verbum
631 920 771 993 regentis
795 919 948 976 enuntiati
970 921 1001 976 in
1023 921 1156 994 optativo
1174 927 1221 976 est
1237 920 1304 976 sine
1320 918 1474 994 particula

297 1025 335 1084 <lv
360 1027 550 1100 optationem
575 1024 765 1100 significans.

386 1150 415 1189 a.
462 1131 668 1208 Subjunctum
703 1135 896 1190 enuntiatum
912 1134 1026 1208 filiolo.
1072 1132 1122 1189 Ai.
1152 1133 1234 1189 1217
1261 1152 1302 1190 ss.
1329 1132 1473 1210 yeroirurr

298 1277 310 1286 -
325 1277 338 1286 -
353 1277 365 1286 -
380 1237 440 1298 ὑπὸ
464 1237 569 1298 πλάκα
593 1236 736 1308 Σουνίου,
761 1238 813 1304 uic
837 1237 921 1316 ἱερὰς
945 1238 1036 1304 ὅπως
1051 1241 1306 1320 προσείποιμεν
1326 1238 1470 1304 Ἀθάνας.

297 1344 348 1402 Tr.
380 1346 443 1402 953
473 1364 514 1403 ss.
545 1344 605 1404 εἴθ’
637 1344 810 1424 (irrorati-‘ouri
838 1368 881 1411 τις
910 1345 1042 1423 γένοιτ’-
1057 1384 1069 1393 -
1087 1345 1178 1423 «riba,
1207 1346 1271 1424 ἥτις
1295 1345 1325 1423 μ’
1353 1344 1471 1405 ἀποικί-

297 1473 374 1510 σειεν
404 1451 439 1510 ln
467 1451 582 1519 τόπων,
608 1451 723 1518 ὅπως·
738 1490 750 1499 -
766 1490 778 1499 -
795 1451 840 1531 μὴ
864 1451 1021 1531 scortatio
1045 1448 1205 1532 θάνοιμι.
1252 1451 1331 1509 Phil.
1358 1453 1422 1509 324
1446 1472 1470 1509 s.

193 1617 196 1622 ,
241 1577 243 1582 ’
297 1556 405 1637 struitur
429 1558 542 1637 γένοιτο
566 1558 643 1638 χειρὶ
666 1558 834 1638 πληρῶσαι(
855 1582 935 1627 ποτε,
960 1559 996 1619 ἵν’
1022 1559 1053 1618 ori
1075 1556 1228 1638 Μυκῆναι
1250 1565 1378 1641 γνοῖεν.

387 1663 462 1734 Quae
493 1664 530 1721 ad
554 1671 618 1722 Aa
646 1664 721 1740 dixi,
758 1667 851 1722 etiam
887 1664 948 1721 huc
983 1664 1148 1742 pertinent.
1197 1665 1355 1723 Praeterea
1392 1664 1469 1722 Phil.

296 1771 415 1829 Weber
452 1771 486 1849 (l.
516 1771 551 1848 l.)
588 1776 673 1830 recte
711 1771 932 1830 animadverti¹
968 1774 1148 1849 optativum,
1186 1771 1238 1846 qui
1274 1771 1471 1848 conjunctivo

296 1879 395 1953 inagis
431 1885 580 1954 cognatus
615 1884 697 1936 esset
721 1885 752 1936 et
779 1879 854 1936 alias
879 1885 950 1955 post
975 1885 1114 1955 tempora
1138 1881 1299 1955 praeterita
1323 1880 1353 1936 in
1378 1898 1470 1937 enun-

296 1985 383 2042 tiatis
417 1984 562 2041 finalibus
596 1984 807 2060 adhiberetur,
833 1984 958 2043 facilius
983 2005 1075 2060 quam
1099 1985 1302 2044 indicativum
1326 1987 1358 2042 in
1382 1983 1471 2065 finale

296 2092 488 2148 enuntiatum
523 2091 644 2148 illatum
680 2110 756 2149 esse.
806 2091 846 2149 Et
881 2111 953 2150 vero
987 2091 1051 2166 jam
1086 2094 1117 2149 in
1153 2091 1295 2168 Odyssea
1321 2091 1471 2166 ejusmodi

296 2188 369 2254 usus
395 2197 525 2272 optativi
550 2199 717 2274 iuvenitur,
744 2218 789 2256 ex.
816 2218 861 2272 gr.
891 2200 940 2275 14,
966 2201 1029 2257 407
1057 2200 1179 2276 (Monro
1204 2199 1292 2257 Hom.
1319 2199 1371 2257 Gr.
1397 2200 1470 2274 300,

299 2306 311 2360 1
342 2303 383 2379 b).
432 2304 526 2380 Apud
550 2304 740 2380 Aeschylum
769 2306 874 2379 semel,
911 2305 998 2363 Eum.
1026 2308 1099 2364 208.
1148 2303 1202 2362 ofr
1227 2305 1344 2364 Weber
1367 2306 1469 2364 Eutw.

296 2409 325 2468 d.
344 2410 420 2468 Ais.
438 2431 509 2487 pag.
528 2412 581 2484 83,
599 2412 650 2468 ar.
692 2410 847 2488 Neglecta
871 2411 953 2489 apud
978 2412 1158 2489 Sophoclem
1183 2412 1362 2469 assimilatio
1379 2413 1472 2470 semel

294 2522 343 2574 est
369 2517 420 2574 Tr.
449 2518 532 2579 1109
556 2517 728 2598 προσμόλοι
762 2518 869 2598 μόνον,
894 2519 931 2578 tr
955 2518 1130 2599 ἒκδιὸαχιῖῇ
1155 2520 1253 2596 (apud
1279 2519 1368 2577 Hom.
1398 2526 1470 2596 post

295 2623 382 2702 ὄφρα
408 2625 510 2682 assim.
536 2625 641 2700 semel,
666 2625 746 2702 negl.
773 2631 895 2700 quatem
921 2634 991 2701 post
1014 2627 1062 2685 ἵνα
1089 2627 1191 2684 assim.
1217 2627 1274 2702 bis,
1301 2626 1382 2700 negl.
1412 2637 1469 2683 ter.

296 2710 460 2809 Weberh
487 2730 543 2788 Cfr
568 2731 719 2790 Goodwin
743 2733 854 2791 Moods
882 2734 953 2791 181.
1105 2706 1111 2716 ¹

382 2845 410 2896 b.
458 2837 661 2913 Subjunctum
687 2841 882 2897 enuntiatum
907 2841 1085 2898 roiotioiiiii.
1133 2839 1183 2896 Tr.
1210 2840 1273 2896 053
1299 2859 1322 2896 s.
1349 2839 1440 2899 εἴθε-
1456 2879 1468 2887 -

295 2945 408 3023 γένοιτο
426 2984 439 2993 -
456 2946 548 3023 αὔρα,
579 2946 643 3025 ἥτις
666 2946 696 3024 μ’
724 2947 951 3008 ἀποικίσειεν.
977 2982 1017 2988 -
1043 2946 1081 3002 In
1105 2946 1161 3004 hoc
1186 2946 1325 3023 exemplo
1350 2948 1469 3003 enunti-

296 3057 378 3108 atum
402 3052 568 3109 relativum
592 3051 714 3110 finalem
739 3054 800 3109 vim
824 3053 919 3111 habet
943 3059 975 3110 et
998 3058 1117 3129 partem
1143 3055 1242 3129 optati
1264 3053 1348 3110 chori
1377 3054 1471 3128 signi-

294 3156 375 3233 ficat,
401 3177 461 3232 qua
486 3178 519 3215 re
545 3158 677 3234 optativi
701 3178 775 3216 usus
799 3157 900 3218 facilis
926 3159 1088 3217 intellectu
1112 3166 1169 3221 est.
1207 3159 1306 3217 Multo
1324 3159 1470 3218 audacior

292 3263 479 3321 assimilatio
504 3269 552 3322 est
575 3264 656 3322 Phil.
684 3267 747 3322 528
772 3285 795 3323 s.
820 3264 919 3344 μόνον
942 3265 1011 3327 ileoi
1034 3265 1163 3345 σῴζοιεν
1186 3266 1221 3325 :ia
1245 3289 1276 3325 τε
1300 3265 1390 3345 τῆσδε
1414 3271 1471 3344 γῆς

295 3370 378 3448 ἡμᾶς
402 3369 472 3432 ὅποι
491 3394 522 3430 τε
535 3406 546 3414 -
557 3368 804 3453 βουλοίμεσθα
819 3372 913 3441 πλεῖν,
931 3373 983 3430 ubi
999 3373 1192 3452 enuntiatum
1210 3371 1333 3430 relativ.
1353 3378 1470 3430 certum

295 3476 404 3551 locum,
441 3476 574 3554 Trojam,
612 3479 848 3536 circumscribit.
897 3479 1004 3553 Neque
1040 3480 1119 3536 enim
1143 3460 1227 3552 ¹quod
1252 3480 1351 3535 oratio
1377 3480 1470 3536 ambi-

294 3584 413 3658 guitate
451 3587 577 3661 tragicis
614 3591 763 3644 consueta
791 3585 837 3643 ita
860 3587 1005 3644 instituta
1030 3592 1089 3662 est,
1115 3592 1149 3642 ut
1172 3585 1365 3643 Philoctetes
1390 3586 1470 3644 Neo-

295 3690 462 3765 ptolemum
490 3691 528 3750 de
554 3693 721 3750 Trachinia
744 3694 847 3770 patria
871 3693 954 3767 loqui
980 3694 1131 3767 crederet,
1157 3693 1214 3777 hoc
1239 3692 1407 3766 quidquam
1431 3692 1470 3750 ad

296 3796 429 3873 optativi
452 3817 541 3855 usum
565 3800 709 3875 pertinet.
758 3798 876 3857 Similis
899 3800 987 3857 locus
1011 3799 1067 3857 sed
1091 3801 1158 3859 sirio
1175 3801 1405 3859 assimilatione
1423 3805 1470 3857 est

295 3904 372 3961 Phil.
400 3906 462 3963 rio
487 3924 512 3964 ε.
538 3906 652 3985 γένοιτο
678 3905 711 3965 δὲ
735 3905 832 3973 πλοῦς
855 3905 959 3984 οἷ’νριός
977 3928 1007 3966 τε
1023 3905 1201 3986 κεύσταλής,
1219 3905 1290 3967 ὅποι
1306 3904 1379 3967 ποτὲ
1395 3904 1471 3971 ’θεὸς

296 4006 432 4072 δικαιοῖ
462 4011 510 4091 χὼ
546 4010 653 4079 στόλος
686 4014 908 4094 πορσύνεται.
960 4012 1111 4089 Exempla
1146 4033 1183 4070 ex
1219 4012 1346 4070 Homeri
1381 4011 1471 4069 libris

296 4123 415 4195 sumpta
435 4118 542 4177 Monro
561 4120 624 4177 305
643 4139 668 4177 a.
697 4118 753 4177 Oh
771 4118 843 4178 Cau.
863 4119 949 4195 Synt.
971 4121 1029 4176 171
1050 4120 1104 4195 bb,
1129 4119 1186 4177 Kr.
1204 4119 1290 4176 Poet.
1310 4119 1398 4195 Synt.
1418 4119 1469 4191 04,

298 4226 347 4300 14,
367 4226 399 4297 3;
425 4224 578 4283 Goodwin
602 4225 713 4283 Moods
740 4226 812 4283 503.

384 4350 408 4389 o.
461 4331 664 4407 Subjunctum
703 4331 897 4390 enuntiatum
937 4333 1117 4408 ternporolr.
1177 4330 1228 4388 Tr.
1266 4333 1329 4389 000
1365 4351 1389 4389 e.
1425 4329 1470 4410 μὴ
