3210 4912
260 277 301 334 46

214 440 249 494 ut
273 437 470 511 interpretari
494 436 658 512 pessimus,
683 435 816 511 actione,
842 455 932 510 quam
948 437 1073 494 verbum
1090 435 1256 512 significat,
1274 434 1386 512 facere,

215 541 350 618 efficere,
386 541 472 616 fungi
508 547 566 600 cet.
614 541 682 600 Hoc
716 541 805 599 modo
841 542 945 617 verba,
982 544 1046 602 sive
1074 543 1272 601 intransitiva
1305 547 1387 616 sunt,

214 650 380 708 transitiva
402 647 490 725 fiunt⁷
515 648 582 708 sive
607 647 671 725 jam
695 651 861 707 transitiva
885 656 966 726 sunt,
993 649 1083 708 aliam
1107 651 1304 709 transitivum
1328 651 1389 707 vim

214 756 378 833 recipiunt.
427 755 509 826 Quid
533 757 675 830 sentiam,
701 755 848 833 exemplis
873 755 1047 816 illustrabo.
1084 749 1233 832 Legimus
1254 756 1305 816 Tr.
1324 757 1389 814 620

211 859 329 942 Ἑρμοῦ
363 858 467 944 τήνδε
493 864 669 944 πομπεύω
693 865 829 945 τέχνην.
876 863 908 920 Si
932 884 987 940 pro
1011 864 1121 944 τέχνην
1143 869 1235 940 poeta
1257 863 1390 943 πομπήν

214 969 383 1045 posuisset,
408 987 533 1046 prorsus
556 968 697 1043 legitima
719 969 834 1028 locutio
858 975 950 1029 esset.
988 969 1032 1028 Ut
1055 975 1114 1046 est,
1132 969 1253 1028 videtur
1273 968 1390 1046 signifi-

215 1095 301 1134 care:
336 1074 467 1155 πομπὸς
501 1072 548 1137 ὧν
582 1075 673 1156 τήνδε
701 1075 756 1156 τὴν
783 1076 893 1156 τέχνην
912 1075 1077 1156 -ιμολάσσιο,
1103 1078 1185 1135 sicut
1207 1072 1335 1135 Ellendt
1359 1074 1390 1132 in

215 1182 314 1242 lexico
350 1183 585 1245 circumscribit,
634 1181 740 1258 Neque
777 1188 878 1241 tamen
912 1188 1071 1241 structura
1099 1184 1177 1242 mira
1205 1190 1263 1242 est.
1312 1181 1391 1241 Nam

215 1290 327 1369 πομπή
361 1291 483 1366 species
510 1295 559 1348 est
586 1291 711 1364 generis
734 1289 850 1369 τέχνης.
897 1289 930 1347 Si
955 1294 1054 1347 autem
1080 1290 1170 1367 paulo
1196 1290 1318 1365 lougius
1341 1309 1391 1348 res

202 1415 382 1474 progressa
406 1403 500 1469 esset,
525 1402 559 1454 ut
583 1396 614 1453 in
639 1397 818 1455 accusativo
843 1403 991 1472 ponerent
1016 1415 1124 1454 munus
1149 1396 1284 1473 aliquod,
1310 1397 1392 1471 quod

176 1572 180 1578 ⁵
217 1503 279 1561 dux
314 1522 422 1562 curare
458 1503 590 1578 solebat,
628 1502 761 1578 denique
785 1503 916 1583 πρᾶγμά
940 1527 975 1573 τι,
1001 1508 1066 1561 tum
1094 1524 1165 1562 vere
1195 1505 1392 1562 transitivum

215 1610 344 1668 verbum
377 1609 548 1689 πομπεύειν
583 1607 700 1668 sactum
736 1617 832 1668 esset.
881 1609 970 1680 Quod
1004 1628 1037 1667 re
1065 1628 1140 1668 vera
1168 1610 1203 1667 fit
1232 1611 1264 1668 in
1297 1611 1392 1668 verbo

215 1716 398 1797 πρεσβεύειν
422 1736 467 1775 εκ,
493 1736 538 1792 gr.
557 1715 678 1775 Andoc.
697 1715 809 1774 11123
833 1715 1000 1796 πρεσβεύοι
1023 1714 1078 1796 τὴν
1102 1716 1238 1796 εἰρήνην.
1257 1716 1392 1775 -Ver-

217 1823 288 1881 bum
309 1823 502 1905 ἀριστεύειν
518 1823 598 1881 duos
614 1821 731 1898 gradus
749 1823 831 1900 apud
848 1822 1032 1900 Sophoclem
1047 1822 1182 1882 exhibet.
1218 1822 1299 1881 Nam
1316 1822 1391 1882 Ant.

220 1931 281 1989 195
305 1924 409 1991 πάντ’
435 1931 639 2012 ἀριστεύσας
667 1928 752 2008 δόρει
788 1928 914 1988 videtur
938 1930 1020 1988 idem
1044 1930 1147 1989 velere
1172 1935 1265 2004 atque
1288 1934 1394 1992 πᾶσαν

217 2036 372 2115 ἀριστείαν
395 2037 577 2116 ἀριστεύσας
600 2038 620 2095 i.
638 2058 663 2096 e.
683 2057 831 2095 summam
855 2035 1071 2095 fortitudinem
1088 2038 1239 2114 praebens.
1276 2035 1392 2096 Contra

217 2143 268 2202 Tr.
305 2146 369 2203 488
403 2143 486 2204 τᾶλλ’
523 2144 646 2212 ἐκεῖνος
666 2145 757 2205 πάντ’
789 2144 962 2224 ἀριστεύων
985 2149 1091 2224 χεροῖν
1113 2143 1193 2202 nihil
1216 2142 1393 2221 significare

217 2255 325 2328 potest
357 2251 421 2311 nisi
456 2251 518 2329 ille,
555 2253 607 2327 qui
643 2252 743 2309 omnia
772 2253 878 2327 vincit,
907 2256 979 2329 post
1004 2250 1084 2310 enirn
1110 2252 1266 2326 sequitur:
1293 2271 1393 2311 amore

217 2358 293 2416 lolae
316 2360 418 2418 victus
439 2364 502 2432 est.
539 2359 660 2417 Rursus
683 2359 733 2417 Αἰ.
760 2360 822 2418 435
847 2358 883 2419 τά
899 2364 1010 2438 πρῶτα
1026 2359 1191 2421 καύματα’
1211 2359 1394 2438 ἀριστεύσας

218 2471 350 2544 στρατοῦ
385 2484 511 2526 necesse
548 2472 596 2525 est
631 2486 698 2524 cum
734 2466 905 2526 scholiasta
939 2467 1139 2543 interpretari
1175 2465 1224 2526 ἀιά
1258 2464 1293 2526 τὸ
1326 2463 1392 2544 ἀρι-

218 2578 341 2633 στεῦσαι
363 2573 481 2654 λαβών.
520 2574 600 2633 Item
623 2595 652 2632 v.
682 2576 765 2633 1300
789 2572 826 2634 τά
850 2574 951 2653 πρῶτ’
978 2573 1170 2652 ἀριστεύσας.
1208 2572 1393 2650 Comparan-

218 2679 290 2737 dum
314 2687 363 2739 est
386 2681 466 2738 Phil.
494 2683 555 2740 149
579 2680 613 2742 τὸ
637 2679 741 2759 παρὸν
762 2677 988 2762 θεραπεύειν,
1005 2679 1057 2738 ubi
1075 2680 1227 2739 Tournier
1243 2677 1394 2756 intelligit

218 2786 407 2867 ύεράπεομα
423 2783 457 2864 ¹).
506 2787 607 2864 Vulgo
642 2788 700 2846 hoc
735 2788 864 2846 verbum
900 2788 1065 2845 transitive
1103 2784 1265 2846 adhibetur
1298 2785 1391 2862 signi·

218 2893 315 2953 ficana
350 2911 476 2954 carcre.
525 2893 642 2953 Eodem
678 2894 768 2951 modo
805 2894 913 2970 opinor
946 2899 1137 2952 structuram
1165 2892 1391 2969 explanandam

219 3019 288 3059 esse
323 3000 373 3061 Αἰ.
410 3002 493 3059 1226
519 3021 543 3059 s.
568 2999 604 3061 τά
629 2999 714 3062 ἀεινά
738 3001 875 3083 ῥήματα
897 3008 1028 3084 χανεῖν.
1076 3001 1156 3059 Item
1180 3020 1244 3059 meo
1269 2999 1394 3075 quidem

215 3107 334 3185 judicio
371 3107 422 3167 Αἰ.
459 3109 522 3166 439
559 3107 629 3168 oto’
666 3109 750 3191 ἔργα
777 3109 857 3189 μείιο
882 3107 986 3188 χειρὸς
1009 3110 1159 3191 ἀρκέσας
1181 3107 1268 3188 ἐμῆς.
1316 3107 1395 3165 Nam

219 3213 322 3272 dicere
354 3220 499 3291 poterant
522 3215 649 3295 ἀρκεσιν
673 3213 787 3295 ἀρκεῖν.
813 3251 854 3258 --
879 3215 922 3273 Et
945 3215 1027 3292 apud
1051 3214 1233 3291 Sophoclem
1257 3220 1290 3273 et
1313 3213 1395 3290 apud

211 3327 338 3409 ¹ceteros
373 3323 541 3399 scriptores
577 3323 669 3381 credo
699 3323 791 3380 talem
820 3327 986 3380 structurae
1011 3327 1043 3381 et
1066 3319 1303 3399 significationis
1326 3341 1395 3399 pro·
1447 3351 1450 3354 ⁴

219 3448 362 3504 gressum
397 3449 479 3507 saepe
514 3430 646 3489 inveniri
673 3449 773 3506 posse.
823 3429 1071 3488 Commemorabo
1101 3434 1222 3487 tantum
1246 3429 1341 3488 Thuc.
1357 3429 1395 3487 'V
1465 3463 1468 3469 ·

223 3537 272 3611 16,
301 3537 315 3593 1
343 3535 392 3597 ἀιά
417 3536 472 3616 τὴν
493 3534 767 3604 ’Πλειστοάνακτος
789 3534 936 3597 κάύοάον
959 3533 1287 3618 παρανομηθεῖσαν.

310 3660 467 3731 Quomodo
491 3663 688 3721 transitivum
712 3663 838 3720 verbum
864 3658 992 3720 alteram
1016 3662 1213 3720 transitivum
1237 3662 1298 3720 vim
1315 3661 1395 3719 acci-

221 3766 297 3845 piat,
322 3767 508 3845 praeclarum
533 3768 704 3845 exemplum
729 3747 847 3845 prabet
870 3768 1049 3850 ρηγνύναι.
1091 3768 1164 3827 Ant.
1185 3768 1248 3825 675
1265 3768 1397 3851 τροπὰς

220 3876 478 3958 καταρρήγνυσι
502 3873 659 3952 significat
682 3873 788 3951 fugam
813 3873 980 3952 rumpendo
1007 3872 1160 3955 (ordines)
1184 3872 1318 3934 efficere.
1353 3874 1396 3933 st

219 3980 312 4040 facile
337 3981 402 4041 haec
426 3986 585 4040 structura
601 3982 799 4058 intelligitur,
825 3983 853 4041 si
877 3981 1000 4057 quidem
1016 3981 1117 4063 τροπή
1135 3982 1238 4060 ruptio
1256 3982 1396 4057 quaedam

221 4089 299 4146 aciei
311 4089 445 4147 hostium
458 4094 516 4148 est.
535 4089 612 4147 Tum
625 4089 776 4170 ῥηγνύναι
788 4096 881 4171 νᾶμα
894 4089 1086 4166 significaret
1098 4087 1215 4148 sontem
1225 4090 1395 4166 rumpendo

222 4195 361 4275 (terram)
388 4193 523 4255 efficere.
571 4196 633 4255 Sed
657 4196 779 4273 longius
803 4217 854 4259 rea
879 4201 944 4260 tum
967 4198 1128 4281 processit,
1151 4198 1295 4279 quoniam
1311 4200 1395 4282 νᾶμα

311 4405 331 4471 ¹)
362 4408 412 4457 Ch·
431 4406 574 4471 Cavallini
595 4409 658 4473 adn,
