3210 4912
258 270 300 327 90

213 428 413 488 similitudine
438 422 632 488 affirmativae
656 431 877 488 enuntiationis
901 429 1014 510 μῶρός
1037 430 1116 491 ἐστιν
1139 431 1174 499 ὃς
1196 430 1305 492 θανεῖν
1327 430 1386 511 ἐρᾷ

212 536 336 594 videtur
359 537 549 612 provenisse.
586 535 649 594 Sed
672 537 823 611 quomodo
848 537 905 594 hoc
928 535 997 595 fieri
1017 539 1162 614 potuerit,
1180 539 1205 595 si
1224 538 1387 596 enuntiata

213 644 440 718 inverteriinus,
464 644 563 719 magis
586 642 727 718 liquebit.
760 643 839 701 Nam
863 662 900 701 ex
921 643 957 710 ὃς
972 642 1080 704 θανεῖν
1097 643 1292 727 ἒρᾷ,,μιῖιρός
1307 644 1388 704 ἐστιν

214 749 254 808 ad
277 751 312 817 ὃς
338 750 443 810 θανεῖν
467 749 533 828 ἐρᾷ,
557 749 642 811 οὗτοι
665 754 776 828 μῶρος
800 749 902 817 οὐθείς
925 749 1005 811 ἐστιν
1028 748 1175 808 facillime
1192 750 1386 828 pervenitur.

301 853 335 938 β.
382 856 456 914 Ant.
493 857 578 915 1064
606 875 647 914 sa.
677 855 802 917 κάτισθι
829 857 873 936 μὴ
898 854 1032 924 πολλοὺς
1055 857 1096 917 ἔτι
1118 856 1252 937 τρόχους
1268 896 1281 906 -
1298 856 1387 937 ἡλίου

213 962 318 1032 τελιῖιν,
346 964 385 1025 ἐν
412 957 483 1024 οῖσι
500 1001 513 1011 -
531 1001 544 1011 -
561 1001 574 1011 -
591 961 734 1031 ἀντιδοὺς
757 963 828 1033 ἔσει,
853 983 907 1040 pro
932 962 965 1024 ἐν
989 962 1048 1024 οἷσι
1065 1002 1078 1012 -
1097 1002 1110 1012 -
1129 1002 1142 1012 -
1158 963 1231 1042 πρὶν
1254 965 1292 1024 ἀν
1309 1003 1322 1013 -
1340 1002 1353 1012 -
1373 1004 1387 1013 -

213 1070 345 1148 ιῖντιθιρς
380 1076 605 1146 exspectamus.
653 1069 714 1128 Sed
751 1069 812 1128 alia
841 1070 1007 1129 sententiae
1032 1070 1236 1129 conformatio
1261 1070 1388 1129 videtur

214 1178 376 1254 scriptoris
400 1177 501 1234 animo
525 1177 693 1234 obversata
716 1195 800 1235 esse:
826 1177 863 1237 οιί
887 1176 996 1237 πολλοὶ
1021 1179 1056 1255 (i.
1082 1197 1107 1239 e.
1134 1177 1243 1256 ὀλίγοι)
1266 1177 1388 1239 ἔσονται

214 1283 321 1363 τρόχοι
346 1282 442 1363 ἡλίου,
466 1290 538 1360 post
561 1304 651 1358 quam
676 1284 709 1344 ἐν
728 1283 773 1349 οἷς
792 1284 906 1361 (sueth.
927 1282 1017 1343 ’inom
1033 1283 1189 1362 t'brloppet
1207 1285 1240 1342 al‘
1255 1282 1387 1362 hvilka’)

214 1396 296 1449 recte
330 1392 456 1467 ponitur
494 1388 562 1468 (Ofr
586 1389 767 1467 Campbellii
792 1392 861 1450 adn.
887 1392 915 1449 h.
941 1391 986 1468 1.).
1014 1390 1204 1467 Comparabo
1229 1392 1303 1455 Ant.
1322 1393 1388 1450 308

214 1517 237 1556 s.
264 1497 324 1577 σιἰχ
358 1496 431 1577 ὑμῖν
460 1497 567 1577 Ἅιδης
601 1502 722 1576 μοῦνος
757 1497 894 1578 ἀρκέσει,Ι
918 1497 991 1576 πρὶν
1015 1499 1054 1558 ἀν
1079 1499 1194 1569 ζῶντες
1217 1497 1388 1578 κρεμαστοὶ

213 1604 306 1685 τήνδε
342 1603 507 1684 ιληλιιῖσιιιλ’
547 1604 644 1684 θβριν,
673 1604 726 1661 ubi
755 1606 918 1680 oportebat
942 1624 1012 1663 esse
1038 1615 1092 1663 aut
1115 1605 1174 1684 οὐχ
1192 1644 1204 1653 -
1223 1644 1236 1653 -
1253 1605 1388 1683 ἀρκέσει,

214 1710 291 1772 ἀλλά
309 1751 321 1759 -
339 1717 423 1768 -aut
447 1711 483 1772 οῖ’
506 1709 661 1789 πρότερον
684 1710 816 1773 θανεῖτε.
842 1711 915 1790 πρὶν
938 1713 977 1772 ι’ὶν
994 1750 1007 1760 -
1025 1750 1048 1781 -,
1071 1731 1086 1769 e
1112 1713 1223 1786 quibus
1241 1711 1386 1786 loquendi

216 1818 321 1875 formis
344 1817 447 1876 media
470 1837 538 1891 quan
562 1817 677 1890 legitur
702 1825 770 1875 orta
795 1823 853 1876 est.

304 2080 446 2147 XXIII.
494 2085 543 2143 De
567 2085 823 2144 assimilatione
847 2102 1037 2159 comptem.
1063 2088 1097 2144 in
1123 2087 1299 2159 negativis

704 2193 897 2265 particulis.

304 2352 342 2408 Iu
370 2350 588 2425 negativarum
615 2351 838 2426 particularum
866 2371 925 2409 usu
949 2352 1182 2410 assimilationis
1205 2349 1268 2408 vim
1291 2351 1390 2410 multa

215 2458 385 2534 protulisse
421 2457 496 2515 milii
524 2477 706 2533 persuasum
730 2466 787 2516 est.
835 2459 906 2516 Jam
930 2460 1004 2516 inihi
1027 2461 1057 2516 in
1082 2466 1212 2517 mentem
1237 2460 1321 2516 venit
1343 2459 1389 2538 μή

216 2564 376 2642 particulae
401 2584 475 2622 usus
499 2571 571 2641 post
587 2566 683 2623 verba
699 2565 887 2643 impediendi
906 2568 987 2639 sim,
1008 2586 1054 2624 ex.
1071 2585 1116 2639 gr.
1135 2565 1274 2644 ἀπείργοι
1292 2587 1326 2625 σε
1341 2563 1386 2644 μὴ

216 2677 302 2733 τοῦτο
338 2672 473 2752 ποιήσαι,
504 2675 603 2729 ortum
628 2672 793 2746 aliquando
818 2672 909 2730 crctlo
935 2672 1155 2730 assimilatione
1180 2672 1219 2730 ad
1242 2671 1320 2729 illud
1342 2670 1388 2751 μὴ

216 2785 303 2841 τσῖιτο
337 2779 478 2858 ποιήσῃς,
503 2778 584 2852 quod
609 2779 749 2852 loquenti
772 2779 887 2836 homini
912 2780 1052 2853 quamvis
1076 2778 1221 2837 inscienti
1245 2779 1389 2837 obversa-

217 2898 282 2944 tum
317 2893 372 2943 est.
424 2883 572 2943 Conl'erre
607 2905 732 2961 possum
769 2885 806 2945 σθ
842 2885 1003 2961 particulae
1041 2906 1128 2944 usum
1156 2887 1186 2943 in
1216 2884 1389 2961 subjunctis

218 2994 389 3051 enuntiatis
413 3002 483 3068 post
506 2992 602 3049 verba
625 2991 774 3064 negativa
797 2995 837 3067 vi,
864 2994 945 3050 sicut
968 2992 1116 3071 ἀντιλέγει)
1133 2993 1179 3061 ὡς
1195 2993 1231 3055 οῖ’
1247 2993 1390 3072 μέγιστον

217 3098 341 3178 ἀγαθόν
377 3099 436 3158 ε”στι
454 3137 467 3146 -
485 3137 507 3157 -,
542 3099 632 3157 Nunc
669 3108 771 3157 autem
806 3121 906 3177 pauca
933 3099 1022 3158 inodo
1051 3098 1187 3174 afferam,
1214 3120 1280 3175 quaa
1305 3099 1388 3176 apud

217 3205 398 3282 Sophoclem
423 3225 440 3262 a
465 3207 613 3262 communi
638 3205 677 3263 iis
701 3206 808 3263 utendi
832 3208 953 3264 ratione
978 3206 1104 3265 distant.

307 3311 443 3369 Verbum
466 3308 613 3392 μέλλειν,
638 3313 790 3386 quomodo
816 3312 1003 3387 significatio
1028 3321 1059 3370 et
1083 3320 1241 3370 structura
1258 3332 1388 3370 conmin-

219 3427 332 3494 tentur‚
368 3418 550 3494 praclarum
585 3419 755 3495 exemplum
792 3423 918 3496 prabet.
966 3421 1003 3477 ln
1041 3421 1137 3477 attica
1171 3419 1305 3478 dialecto
1333 3420 1389 3476 boo

217 3528 344 3585 vei-lium
384 3527 419 3584 ιἰι
458 3527 567 3586 turriano
606 3528 720 3586 babere
759 3527 938 3603 plerumque
977 3527 1071 3584 valet.
1134 3526 1230 3583 Simul
1270 3525 1307 3583 da
1353 3546 1389 3585 co

219 3634 344 3707 (licitur,
381 3634 432 3706 qui
468 3632 544 3689 nihil
573 3633 633 3690 nisi
657 3635 688 3690 in
714 3632 813 3691 animo
837 3633 933 3691 habet
955 3652 1067 3710 neque,
1093 3633 1173 3708 quod
1198 3634 1256 3691 sibi
1280 3652 1389 3708 propo-

219 3742 291 3814 suit,
328 3760 468 3812 umquam
504 3738 633 3815 perlicit.
683 3738 787 3797 Etiam
824 3740 880 3798 boc
916 3760 1009 3798 sensu
1045 3761 1111 3798 cum
1140 3739 1293 3798 infinitivo
1323 3738 1389 3797 solo

218 3848 309 3921 vulco
330 3846 472 3920 jungitur
496 3848 559 3922 (ex.
583 3868 629 3921 gr.
657 3847 692 3905 Ο,
711 3846 744 3905 O.
771 3849 855 3905 1132?
877 3869 901 3905 s.
919 3847 947 3906 τί
960 3846 1115 3926 μέλλομεν
1130 3848 1270 3926 χωρεῖν).
1306 3845 1389 3904 Non-

219 3974 381 4028 iunnquam
406 3959 507 4010 tamen
533 3953 737 4012 similitudine
763 3954 890 4011 aliorum
915 3956 1089 4028 verborum,
1114 3974 1242 4028 quorum
1267 3953 1316 4011 vis
1337 3973 1389 4011 ne-

219 4062 325 4133 gativa
360 4069 417 4132 est,
448 4080 515 4117 cuin
539 4060 702 4137 particulis
725 4060 770 4141 pp
796 4061 833 4120 οά
859 4070 889 4119 ct
914 4060 1066 4119 infinitivo
1092 4062 1289 4118 coristiuitur.
1338 4061 1390 4118 Ita

219 4167 315 4226 semel
339 4166 421 4243 apud
446 4165 636 4243 Sophoclem,
660 4167 711 4226 ni.
730 4170 794 4225 bil)
810 4168 838 4228 τί
854 4167 956 4247 με’·λλει
972 4170 1021 4249 μή
1040 4170 1083 4229 οὐ
1099 4169 1276 4246 τιαροεσιίιν
1293 4169 1389 4247 ἔχειν·

220 4275 371 4332 Touruier
407 4272 528 4331 <turricli¹
563 4274 711 4350 Aescbyl.
749 4275 849 4332 Proin.
889 4277 951 4333 ua?
980 4275 1008 4334 τί
1035 4276 1111 4354 θῆτα
1139 4273 1259 4353 μέλλεις
1282 4273 1326 4354 μὴ
1352 4274 1389 4334 oti

220 4383 417 4461 γεγωνίσκειν
441 4380 475 4439 ni
499 4385 578 4451 πᾶν,
