3210 4912
381 285 422 341 32

424 465 451 504 e.
499 444 531 501 si
561 442 735 518 subjecturi]
764 464 800 502 ex
830 445 951 502 duobus
975 443 1025 502 vel
1049 443 1191 520 pluribus
1215 444 1358 501 membris
1383 448 1512 519 constat,

337 570 483 608 numerus
520 552 607 609 verbi
644 550 763 626 potiore
792 544 921 609 notione
940 569 1021 627 sape
1046 553 1204 624 statrntur,
1229 571 1274 608 ex.
1300 571 1344 625 gr.
1371 550 1421 607 Tr.
1449 552 1509 607 881

603 660 615 679 tl

335 677 375 715 ss,
400 658 444 724 τίς
467 656 574 737 litarde
598 681 616 738 η
640 658 719 725 τίνες
742 657 829 718 νόσοι
853 657 940 718 τάνδ’
960 696 972 706 -
991 697 1004 706 -
1029 653 1173 732 ξυνεῖλε.

538 921 638 988 VIII.
686 927 735 984 De
759 927 1015 986 assimilatione
1040 928 1124 984 reali
1150 942 1308 985 casuum.

425 1083 476 1142 Ad
512 1084 605 1160 illam,
644 1085 682 1143 de
707 1106 767 1159 qua
799 1087 864 1160 jam
893 1085 966 1158 dixi,
991 1104 1139 1160 generum
1164 1088 1195 1141 et
1218 1103 1409 1141 numerorum
1435 1103 1513 1141 exae-

337 1193 513 1265 quationem
537 1191 641 1250 facere
665 1213 726 1250 non
749 1212 885 1269 possum,
912 1194 984 1266 quin
1010 1191 1102 1249 aliam
1119 1191 1158 1249 ad
1174 1210 1298 1249 sensum
1315 1195 1511 1262 structuram,

335 1318 404 1371 quar
441 1298 481 1356 ad
517 1318 607 1357 casus
643 1298 808 1376 pertineat,
846 1298 1021 1375 adjungam,
1052 1298 1118 1356 dico
1148 1299 1175 1355 si
1204 1299 1234 1355 in
1259 1296 1433 1373 appositive
1459 1302 1513 1355 aut

334 1404 537 1482 prendicativo
574 1411 660 1463 statu
695 1405 788 1463 aliurn
818 1426 932 1482 casum,
963 1411 1055 1480 atque
1080 1410 1305 1482 exspectamus,
1330 1405 1510 1479 reperimus.

336 1493 446 1570 Omnia
480 1511 546 1570 haec
581 1514 612 1570 in
647 1513 796 1571 nominali
833 1520 886 1570 aut
909 1513 1029 1572 verbali
1054 1512 1267 1596 congruentia,
1293 1530 1361 1585 quae
1387 1510 1510 1588 dicitur,

334 1625 508 1677 versantur.
556 1618 598 1676 Et
634 1620 739 1694 aliqua
767 1626 850 1678 certe
875 1607 1017 1697 exempla
1040 1618 1190 1696 ejusmodi
1214 1625 1295 1692 sunt,
1321 1625 1355 1675 ut
1380 1638 1447 1676 curn
1471 1617 1511 1675 iis

334 1724 443 1784 fonnis
469 1725 714 1803 assirnilatIonis,
740 1726 778 1785 de
803 1728 916 1801 quibus
937 1725 1000 1801 jam
1018 1726 1164 1802 disserui,
1182 1726 1318 1801 proxime
1336 1724 1511 1782 cohaereant

337 1839 369 1890 et
405 1835 607 1892 consentiant.
656 1833 730 1892 Alia
764 1833 867 1893 fateor
895 1834 1016 1910 longius
1042 1835 1161 1908 abesse,
1187 1832 1384 1890 utilissimum
1409 1839 1512 1890 tamen

336 1940 410 1997 mihi
434 1940 558 1998 videtur
583 1942 684 1998 omnia
707 1943 738 1997 in
763 1961 856 1998 unum
880 1942 979 1999 Iocum
1004 1940 1161 2014 colligere.
1197 1939 1318 1997 Ziemer
1338 1939 1394 1996 has
1411 1942 1511 1996 struc-

335 2051 421 2104 turas
457 2048 487 2102 in
518 2049 645 2104 tertium
675 2047 909 2105 assimilationis
933 2066 1031 2122 genus
1055 2045 1153 2105 refert
1177 2051 1208 2103 et
1233 2045 1325 2104 simul
1349 2066 1417 2103 curn
1441 2044 1511 2103 aliis

334 2154 427 2210 rebus
452 2142 481 2210 ih
508 2154 646 2229 sing-ulos
672 2173 762 2212 casus
788 2153 981 2230 dispertitur.

424 2281 456 2320 α.
504 2261 728 2321 Nomiunlivus
763 2263 887 2319 interna
922 2261 1148 2318 assimilatione
1185 2265 1280 2321 ortus.
1328 2259 1366 2316 In
1400 2258 1510 2317 Graeco
1552 2269 1553 2272 ’

335 2386 485 2441 sermone,
510 2369 666 2444 praecipue
691 2368 774 2444 apud
798 2367 1023 2444 Thucydidem,
1049 2366 1256 2426 nomInativus
1280 2367 1436 2443 participii
1458 2367 1508 2423 ab·

334 2473 437 2531 solute
461 2475 506 2531 ita
529 2480 698 2551 usurpatus
721 2476 886 2549 invenitur,
912 2480 946 2532 ut
970 2480 1130 2533 structura
1145 2474 1203 2531 hoc
1219 2474 1309 2530 modo
1326 2472 1510 2550 explicanda

334 2598 401 2637 esse
426 2579 578 2639 videatur.
626 2582 777 2659 Exempla
800 2583 897 2641 habes
921 2582 1021 2659 Kriig.
1047 2582 1115 2640 Att.
1141 2580 1228 2658 Synt.
1256 2572 1306 2657 56,
1334 2581 1362 2653 9,
1389 2581 1455 2636 3&
1473 2581 1507 2654 4;

333 2687 419 2745 Poet.
457 2686 486 2746 S.
525 2689 576 2764 56,
614 2691 643 2765 9,
683 2691 776 2747 1-3.
825 2689 919 2770 Apud
947 2688 1129 2766 Sophoclem
1162 2687 1333 2764 exemplum
1368 2687 1508 2763 praebent

334 2792 368 2852 O.
394 2795 433 2852 R.
459 2816 507 2854 vv.
535 2798 575 2853 (30
611 2816 635 2854 s.
671 2801 787 2856 νοοεῖτε
821 2797 943 2865 πάντες,
979 2795 1031 2855 καὶ
1065 2801 1261 2872 νοσοῦντες,
1290 2793 1336 2860 ὡς
1356 2791 1423 2872 ,ἐγὼ
1448 2791 1507 2852 οὐκ

333 2902 413 2962 ἔστιν
448 2903 542 2982 ὑμῶν
577 2902 660 2967 ὅστις
694 2903 728 2973 ἒξ
762 2904 830 2963 ἴσον
855 2908 946 2963 νοσεῖ.
995 2905 1027 2961 Si
1050 2902 1180 2960 formam
1204 2907 1389 2977 spectasset,
1414 2904 1509 2975 poeta

333 3009 519 3071 νοσούντων
554 3011 722 3086 posuisset.
771 3009 833 3068 Sed
868 3009 927 3070 οὐκ
946 3048 958 3057 -
977 3049 990 3058 -
1008 3009 1091 3076 ὅστις
1125 3009 1250 3084 gravior
1278 3007 1364 3065 modo
1392 3006 1507 3064 locut-io

332 3120 380 3172 est
417 3135 473 3191 pro
512 3115 600 3195 ὑμεῖς
640 3116 698 3176 οὐκ
717 3154 729 3164 -
748 3155 771 3185 -,
811 3116 893 3191 quod
932 3117 964 3173 in
1003 3116 1140 3190 cogitato
1180 3113 1351 3189 eloquendo
1390 3133 1508 3189 praeva·

333 3221 400 3279 luit.
449 3221 482 3279 Si
510 3223 612 3303 ὑμῶν
637 3224 769 3298 abesset,
794 3223 875 3298 quod
898 3223 992 3282 facile
1016 3224 1124 3282 abesse
1148 3223 1261 3299 potuit,
1286 3220 1405 3279 numeri
1429 3239 1508 3278 exae·

333 3330 438 3403 quatio
462 3334 546 3388 esset
570 3336 601 3388 et
624 3336 783 3389 structura
805 3350 934 3408 prorsus
959 3330 1067 3389 eodem
1090 3329 1179 3387 modo
1203 3348 1236 3387 se
1260 3328 1390 3386 haberet
1415 3332 1508 3401 atque

334 3435 408 3493 Ant.
437 3438 518 3494 1021
546 3436 615 3496 οὐδ’
641 3435 981 3516 ὄρνις-ἀπορροιβδεῖ
1000 3436 1089 3516 βοάς,
1107 3470 1119 3480 -
1134 3431 1320 3518 βεβρῶτες.
1355 3433 1422 3492 Ηοο
1438 3453 1508 3509 pro-

332 3544 446 3600 ximum
471 3544 644 3620 exemplum
668 3542 790 3603 ZIemer
814 3545 881 3602 sine
907 3543 1000 3601 dubio
1023 3545 1057 3600 in
1080 3545 1234 3601 internam
1256 3540 1508 3599 assimilationem

332 3648 476 3709 referret.
523 3650 602 3709 Nam
637 3649 763 3708 tametsi
798 3648 947 3726 ejusmodi
982 3648 1121 3725 exempla
1149 3647 1263 3706 diserte
1286 3667 1347 3706 non
1371 3647 1507 3718 exhibet,

332 3757 390 3816 hoc
425 3763 540 3816 tamen.
564 3777 602 3816 ex
636 3759 685 3835 iis,
722 3778 789 3832 quae
824 3777 895 3833 pag.
926 3758 967 3814 87
996 3758 1046 3815 Im.
1076 3775 1108 3813 ss
1132 3756 1151 3813 b
1176 3761 1207 3812 et
1231 3775 1247 3812 c
1272 3754 1359 3828 dicit,
1383 3753 1508 3812 videtur

333 3864 466 3923 elucere.
515 3864 599 3923 Illud
624 3872 727 3924 autem
751 3865 898 3923 intertio
921 3883 1036 3940 genere
1061 3860 1286 3937 exaequationis
1306 3861 1403 3938 ponit.
1444 3859 1506 3919 Sed

332 3991 424 4045 quam
453 3970 536 4028 nihil
570 3969 635 4029 fere
671 3973 803 4046 intersit,
839 3970 992 4028 videmus.
1045 3969 1197 4028 Tournier
1233 3973 1391 4043 comparat
1424 3967 1505 4025 Plat.

331 4077 450 4136 Phileb.
477 4080 517 4136 29
543 4080 572 4138 B
605 4077 649 4158 μὴ
687 4062 747 4157 γὰρ
783 4075 972 4158 δυνάμενοι
994 4081 1087 4137 τοῦτο
1103 4111 1114 4119 -
1132 4110 1142 4119 -
1161 4075 1249 4154 ὁρᾶν,
1266 4109 1277 4118 -
1295 4109 1305 4118 -
1324 4071 1441 4146 οὐδεὶς
1463 4073 1506 4140 εἰς

333 4183 426 4244 οὐδὲν
451 4183 582 4252 οὐδενὸς
605 4186 645 4245 ἂν
665 4186 768 4266 ἡμῶν
785 4185 936 4245 οὐδέποτε
953 4183 1072 4262 γένοιτο
1089 4183 1184 4253 ἄξιος.
1221 4180 1316 4239 Aliud
1333 4179 1506 4257 exemplum

333 4301 381 4349 est
415 4291 489 4350 Ant.
528 4294 590 4351 259
627 4312 650 4350 s.
688 4291 775 4370 λόγοι
810 4292 842 4352 ἕν
871 4290 1046 4371 ἀλλήλοισιν
1075 4288 1233 4368 ἐρρόθουν
1261 4288 1363 4365 κακοί,
1389 4283 1506 4369 φύλαξ

332 4396 485 4483 ἐλέγχων
520 4398 648 4479 φύλακοι
675 4397 743 4479 (Ofr
776 4398 883 4458 Jebbii
912 4396 1011 4474 adn),
1036 4415 1166 4471 quocum
1192 4395 1431 4471 comparandum
1456 4398 1505 4452 est
