3210 4912
257 264 299 320 44

212 425 377 505 ἁμαρτεῖν
410 429 522 484 τοῦτο.
571 422 721 480 Similiter
751 421 788 480 Ο.
819 421 858 480 R.
890 423 952 478 621
989 419 1072 500 111μά
1103 421 1132 481 11’
1158 422 1385 504 ἡμαρτημένα

215 529 333 610 (ἔσται).
358 565 398 571 -
423 528 504 587 Phil.
523 529 585 587 667
611 529 763 608 παρέσται
778 524 885 590 ταῦτα
901 551 950 588 σοι
964 567 976 576 -
990 524 1184 611 θιγγάνειν,
1201 548 1385 603 quamquam

213 636 412 713 verisimilius
436 635 569 712 videtur,
595 640 630 693 ut
654 640 749 695 ταῦτα
773 634 910 712 prolapsi
935 633 1106 711 subjectum
1129 636 1216 694 verbi
1233 635 1316 696 ἔσται
1332 633 1384 693 ait.

215 780 255 787 —
285 742 435 801 Similiter
469 751 541 819 post
576 742 704 822 ἱμείρειν
730 741 765 801 0.
792 741 831 799 R.
859 743 900 799 58
924 760 964 800 ss.
994 743 1110 825 μνωτὰ
1136 741 1219 803 κούκ
1248 743 1387 825 ἄγνωτα

215 845 455 934 ἱμείροντεςῑ).
481 886 521 891 -
548 849 636 908 Idem
673 847 872 908 aecusativus
906 849 946 907 iis
981 848 1059 907 locis
1095 869 1179 925 saepe
1208 855 1386 926 usurpatur,

214 959 267 1016 ubi
302 977 358 1016 nos
394 976 519 1015 eausam
544 955 669 1014 allatam
693 956 823 1014 velimus
850 954 1313 1033 (Ol'rKuhn.11410Anm.
1340 955 1385 1033 6).

214 1063 363 1141 Exempla
388 1069 473 1121 sunt:
500 1061 535 1121 Ο.
554 1060 587 1120 O.
610 1063 693 1120 1274
718 1063 900 1144 ἃμηνίεις.
941 1061 1016 1120 Phil.
1036 1063 1099 1120 9116
1116 1057 1203 1124 τοῦτ’
1223 1064 1385 1144 ἀνιῶμαι.

215 1170 287 1229 Jam
322 1171 355 1228 in
383 1170 432 1228 hie
456 1168 605 1245 exemplis
630 1167 798 1228 verisimile
824 1174 873 1227 est
898 1168 1022 1226 Graecos
1048 1168 1261 1228 accusativum
1284 1173 1386 1229 neutr.

214 1298 284 1354 gen.
322 1276 543 1347 adverbialiter
579 1277 750 1352 accepisse,
780 1295 964 1350 quamquam
988 1279 1137 1352 nostrum,
1162 1277 1214 1334 ubi
1238 1277 1388 1335 terminus

215 1383 376 1463 ponendus
412 1385 464 1458 sit,
501 1385 552 1442 vix
576 1389 624 1440 est
649 1380 830 1458 dijudicare.
879 1380 1000 1439 Certior
1024 1401 1075 1440 res
1098 1388 1147 1440 est
1170 1384 1202 1439 in
1226 1382 1387 1460 exemplis,

216 1491 322 1569 qualia
356 1496 441 1549 suut:
479 1488 514 1550 Ο,
541 1491 575 1548 6.
602 1490 665 1548 332
695 1489 815 1558 τέκνον,
850 1490 885 1548 τί
912 1487 940 1548 δ’
966 1483 1085 1570 ἦλθες.
1134 1488 1229 1549 0.(1.
1258 1490 1339 1548 1291
1366 1490 1389 1549 ἃ

215 1594 342 1681 ἦλθον.
401 1596 436 1656 Ο.
473 1598 512 1656 R.
551 1598 634 1655 1005
671 1591 759 1658 τοῦτ’
798 1597 989 1677 ἀφικόμην.
1038 1595 1088 1654 Α1.
1126 1597 1187 1653 911
1225 1596 1243 1657 ὁ
1275 1592 1389 1657 πάντα

215 1707 353 1788 κωφός,
388 1704 406 1766 ὁ
434 1699 529 1766 πάντ’
557 1701 679 1786 ἄιδρις.
729 1702 765 1762 0.
790 1703 828 1762 R.
856 1704 939 1761 1197
969 1708 1024 1763 τοῦ
1052 1697 1148 1765 πάντ’
1178 1699 1390 1784 εὐδαίμονος

216 1813 322 1892 ὄλβον.
369 1811 443 1869 Ant.
471 1812 533 1868 546
561 1811 605 1891 μή
635 1833 690 1890 μοι
717 1805 834 1892 θάνῃς
857 1808 895 1870 ot
919 1806 1032 1871 κοινά.
1059 1845 1099 1852 -
1125 1809 1186 1867 Sed
1206 1809 1272 1886 jam
1295 1811 1389 1868 inter·
1429 1861 1434 1868 .
1476 1862 1479 1867 .

215 1940 364 1996 rumpam,
398 1939 470 1976 nam
497 1902 735 1976 innumerabilia
765 1916 913 1974 adverbia
937 1935 1005 1990 quae
1029 1916 1087 1975 hoo
1111 1915 1200 1975 modo
1225 1921 1293 1975 orta
1318 1924 1391 1974 sunt

216 2062 258 2069 -
283 2031 394 2103 reputa
417 2025 660 2102 comparativum
684 2028 716 2081 et
741 2022 969 2099 superlativum
991 2022 1208 2080 adverbiorum
1225 2059 1266 2066 —
1284 2022 1390 2097 singil-

216 2134 305 2191 latim
328 2133 473 2209 persequi
497 2130 588 2207 hujus
612 2130 671 2189 loci
696 2149 755 2187 non
780 2136 829 2188 est
855 2127 925 2208 (Otr
950 2128 1049 2206 Kriig.
1074 2129 1113 2188 A.
1139 2129 1169 2188 S.
1192 2130 1245 2204 46,
1264 2129 1388 2187 5Α11111.

218 2241 340 2314 4-103
376 2237 746 2297 Κ111111,ΙΙ41οΑ11111,
778 2238 878 2312 5-73
912 2232 1241 2314 Brugm.Gr.²179;
1279 2235 1391 2295 sedin

173 2324 175 2329 ¹
217 2348 324 2425 primis
348 2346 456 2405 Delbr.
483 2345 512 2404 S.
538 2345 574 2403 F.
600 2343 647 2403 IV
671 2364 741 2421 pag.
768 2346 810 2401 34
834 2343 903 2421 ss).

306 2473 334 2531 4.
383 2470 446 2530 Sed
468 2470 601 2529 nondum
627 2469 665 2528 ad
688 2467 781 2528 finem
805 2469 898 2546 hujus
923 2468 1095 2529 accusativi
1119 2471 1266 2529 venimus,
1301 2468 1391 2546 Saepe

218 2580 297 2638 enim
332 2577 376 2654 fit,
412 2581 448 2635 ut
476 2578 507 2635 in
536 2577 715 2635 accusativo
739 2583 872 2653 ponatur
896 2578 1133 2654 substantivum,
1159 2575 1239 2651 quod
1262 2596 1323 2635 non
1346 2575 1391 2653 ip-

218 2685 283 2745 sius
318 2686 403 2744 verbi
438 2685 499 2742 vim
528 2682 682 2758 significet
706 2683 762 2741 sed
788 2683 826 2742 ad
851 2683 932 2758 quod
956 2685 1040 2741 notio
1064 2684 1151 2742 verbi
1177 2684 1278 2758 aliquo
1302 2684 1391 2742 modo

217 2792 374 2852 referatur
411 2791 523 2869 (Kriig.
561 2791 613 2849 Gr.
651 2793 703 2867 46,
741 2791 784 2868 6).
833 2790 1020 2866 Plerumque
1048 2791 1097 2849 hic
1125 2793 1323 2850 accusativus
1347 2792 1393 2849 ita

219 2901 318 2977 accipi
352 2902 466 2976 potest,
502 2902 537 2955 ut
572 2898 794 2974 appositionem
831 2899 1036 2956 substantivae
1070 2900 1215 2975 notionis,
1252 2918 1320 2972 quae
1356 2916 1393 2955 ex

218 3009 313 3067 verbo
349 3011 498 3082 sumatur,
534 3024 602 3063 eum
639 3023 708 3063 esse
742 3010 895 3081 putemus,
922 3024 981 3079 qua
1005 3024 1038 3063 re
1063 3025 1130 3063 cum
1154 3003 1256 3081 priore
1280 3023 1393 3082 genere

220 3115 353 3173 cohaeret
389 3110 460 3190 (cfr
494 3109 601 3170 Kiihn.
637 3110 672 3168 Π
707 3113 772 3170 410
797 3111 838 3189 o).
887 3111 986 3170 Solita
1021 3112 1162 3190 exempla.
1197 3117 1269 3171 sunt
1304 3115 1393 3172 νικᾶν

218 3221 334 3301 μάχην,
370 3217 496 3280 στάδιον
530 3218 748 3297 ἀγωνίζεσθαι.
795 3218 887 3296 Apud
923 3218 1103 3296 Sophoclem
1136 3220 1277 3298 exempla
1306 3223 1391 3279 sunt:

221 3328 256 3387 Ο.
282 3325 315 3386 C.
345 3328 429 3385 1204
452 3321 583 3406 βαρεῖαν
605 3322 741 3408 ἡδονὴν
764 3328 882 3388 νικᾶτέ
904 3348 944 3405 με
967 3346 1022 3403 pro
1045 3327 1145 3387 νικᾶτέ
1160 3349 1200 3406 με
1216 3327 1306 3407 νίκην
1321 3328 1394 3407 ὑμῖν

220 3434 335 3516 ἡδεῖαν,
371 3432 440 3513 ἐμοὶ
474 3432 508 3494 δὲ
535 3434 672 3513 βαρεῖαν.
719 3434 793 3492 Ant.
826 3434 910 3490 1272
935 3453 958 3492 a.
985 3433 1017 3494 ἓν
1041 3432 1070 3493 d'
1097 3433 1166 3512 ἐμῷ
1197 3433 1281 3513 κάρᾳ
1316 3432 1394 3502 θεὸς

219 3541 281 3603 τότ’
318 3542 379 3620 ἄρα
414 3539 480 3600 τότε
507 3540 595 3622 μέγα
627 3535 738 3620 βάρος
764 3539 798 3618 μ’
830 3539 914 3619 ἔχων
938 3540 1092 3618 ἔπαισεν,
1116 3540 1168 3597 ubi
1192 3537 1296 3597 Wolff
1317 3538 1395 3597 dicit

219 3649 319 3730 βάρος
354 3667 423 3707 esse
456 3666 511 3724 pro
535 3647 666 3726 βαρεῖαν
688 3645 819 3726 πληγήν.
867 3645 1019 3716 Quoniam
1042 3647 1190 3723 pleraque
1214 3645 1395 3722 exemplae

220 3756 384 3834 principali
419 3752 510 3831 hujus
546 3754 718 3812 accusativi
752 3761 866 3812 natura
889 3755 968 3811 satis
992 3753 1082 3830 longe
1108 3757 1216 3813 abesse
1239 3754 1394 3831 videntur,

220 3863 259 3922 de
283 3864 323 3922 iis
347 3862 439 3939 paulo
464 3861 648 3919 accuratius·
667 3880 766 3936 agam.

309 3969 386 4027 Post
410 3968 507 4027 verba
530 3968 657 4028 sedendi
680 3968 780 4044 ipsum
804 3969 898 4028 sedile
922 3969 953 4025 in
977 3969 1096 4046 poetico
1119 3988 1270 4043 sermone,
1287 3969 1395 4043 utique

221 4076 304 4153 apud
326 4077 475 4153 tragicOS,
499 4075 531 4131 in
556 4075 732 4132 accusativo
756 4076 829 4151 poni
853 4081 958 4132 notum
983 4080 1041 4133 eet.
1089 4072 1248 4150 Ejusmodi
1270 4094 1396 4133 aecusa-

220 4183 304 4242 tivus
337 4183 390 4240 vix
424 4179 487 4240 diei
521 4186 626 4257 potest
653 4182 807 4240 internum
836 4179 991 4258 objectum
1016 4183 1196 4258 exprimere,
1221 4181 1277 4239 sed
1300 4182 1396 4241 verba

311 4390 332 4458 ¹)
360 4394 402 4443 De
423 4394 510 4445 verbo
530 4400 645 4456 τυγχάνειν
660 4396 722 4446 sim,
743 4395 787 4443 cfr
807 4400 904 4445 temen
924 4409 987 4459 quae
1007 4393 1083 4446 infre
1103 4396 1157 4448 ino.
1177 4394 1279 4456 1111100.
