3210 4912
1292 297 1332 354 87

297 456 330 541 β.
377 458 454 517 Post
487 459 582 515 verba
614 458 747 516 timendi
771 453 819 538 μή
844 463 875 515 et
899 455 1114 532 conjunctivus
1140 457 1225 535 (post
1248 463 1384 533 tempora

212 566 283 625 hist.
309 564 420 642 optat.)
438 561 657 639 sequuntur¹l‚
680 577 747 637 quae
758 568 923 621 'structura
938 562 1011 621 inde
1027 569 1096 622 orta
1113 572 1169 639 est,
1187 564 1270 638 quod
1285 565 1382 639 primo

212 672 399 731 coordinata
427 673 508 729 inter
532 690 564 728 se
588 669 819 728 enuntiationes
843 676 947 728 erant:
973 670 1186 744 conjunctivus
1209 669 1292 729 idem
1318 679 1384 729 erat

213 788 305 853 atque
340 781 372 836 in
407 777 451 858 μὴ
476 777 636 857 rideamini,
684 777 761 834 Post
787 783 889 834 autem
912 777 979 834 haec
1002 796 1051 834 res
1076 779 1327 855 conturbabatur,
1354 789 1385 837 et

213 887 359 963 negativa
393 884 547 961 particula
581 883 625 963 μή
662 891 697 940 ut
721 883 922 959 hypotactica
953 883 1127 958 conjunctio
1152 885 1250 960 accipi
1275 890 1385 962 coepta

213 1000 270 1066 est,
296 1008 438 1066 quaeres
463 1011 498 1049 eo
523 992 635 1067 optime
660 999 796 1066 apparet,
822 989 902 1064 quod
928 996 1000 1065 post
1023 991 1067 1070 μή
1094 990 1190 1048 etiam
1213 991 1383 1050 indicativo

213 1101 381 1158 utebantur
405 1103 436 1157 et
460 1117 582 1174 semper
605 1096 736 1171 quidem,
763 1117 831 1154 cum
856 1097 894 1154 de
919 1117 951 1154 re
976 1096 1016 1154 ad
1033 1083 1170 1154 futurum
1187 1106 1308 1174 tempus
1324 1117 1384 1155 non

213 1206 382 1283 pertinenti
421 1206 580 1282 agebatur.
628 1204 717 1274 Quod
754 1223 833 1261 cum·
857 1203 956 1275 fieret,
987 1224 1046 1262 non
1071 1204 1222 1279 intellige,
1247 1224 1302 1262 cur
1325 1224 1385 1261 non

213 1315 336 1372 licuerit
361 1311 457 1370 etiam
481 1312 652 1387 optativum
677 1330 746 1368 cum
770 1309 809 1370 ἄν
833 1311 884 1367 ita
904 1310 1061 1367 adhibere.
1094 1310 1276 1387 Exemplum
1293 1331 1384 1369 unum

216 1426 261 1496 (et
292 1418 454 1495 primumi)
497 1417 578 1494 apud
612 1416 794 1493 Sophoclem
829 1423 879 1474 est
914 1417 965 1474 Tr.
1002 1419 1065 1475 630
1100 1438 1126 1476 S.
1163 1417 1289 1479 δέδοικα
1325 1416 1385 1496 γὰρ

213 1525 258 1606 μὴ
293 1524 367 1605 πρῲ
401 1524 498 1604 λέγοις
532 1525 572 1584 ἂν
594 1559 605 1567 ·
630 1559 642 1567 -
663 1559 683 1593 -,
712 1524 764 1581 ubi
798 1523 964 1598 Blaydesii
1003 1522 1179 1598 conjectura
1217 1523 1309 1604 λέγῃς
1347 1522 1385 1584 σὺ

214 1634 332 1691 inutilis
368 1640 425 1690 est.
462 1631 524 1690 Sed
560 1652 627 1690 cum
659 1650 699 1688 -eo
727 1649 778 1688 res
802 1633 1017 1707 processisset,
1043 1633 1120 1688 satis
1143 1631 1237 1688 facile
1260 1631 1386 1688 videtur

215 1741 384 1816 praesertim
408 1739 608 1796 similitudine
631 1739 794 1795 verborum
818 1737 950 1816 putandi
975 1736 1140 1812 adjuvante
1165 1738 1203 1794 ad
1228 1738 1277 1809 ὡς
1292 1740 1386 1814 parti-

216 1846 314 1904 culam
351 1846 477 1903 transiri
511 1846 660 1922 potuisse.
708 1843 760 1901 Sic
795 1845 909 1918 legitur
944 1844 993 1901 El.
1026 1845 1109 1902 1309
1138 1843 1182 1923 μὴ
1215 1844 1318 1924 δείσῃς
1333 1844 1387 1911 ,ὡς

216 1953 327 2031 ὄψεται
363 1952 395 2010 et
423 1971 472 2010 vv.
505 1953 589 2009 1426
620 1970 645 2010 e.
670 1952 780 2031 μηκέτ’
819 1952 958 2031 ἐκφοβοῦ
993 1955 1143 2030 μητρώον
1171 1951 1217 2018 ὥς
1249 1974 1282 2012 ce
1310 1951 1383 2031 λῆμ’

216 2059 355 2138 ἀτιμάσει
378 2057 470 2120 ποτέ..
507 2058 609 2116 Etiam
635 2058 716 2133 apud
741 2058 818 2118 alios
842 2060 1009 2134 scriptores
1032 2058 1098 2115 haec
1121 2062 1280 2116 structura
1303 2058 1387 2117 inve-

215 2168 300 2224 nitur
335 2163 403 2243 (Ofr
426 2165 531 2223 Kiihn.
558 2165 682 2231 11590
707 2167 747 2239 c).
795 2165 856 2223 Sed
879 2166 1048 2240 rarissimo,
1073 2167 1132 2222 nisi
1156 2172 1268 2240 negato
1292 2166 1386 2222 verbo

216 2274 410 2350 praecedente
433 2272 609 2349 plerumque
636 2275 667 2331 in
692 2273 886 2351 imperative,
911 2274 956 2330 ita
980 2273 1136 2331 dicebant.

304 2419 333 2480 p,
381 2398 436 2454 Bis
472 2397 553 2474 apud
588 2397 769 2474 Sophoclem
804 2404 875 2473 post
903 2398 1029 2455 verbum
1053 2399 1175 2474 impers.
1202 2396 1265 2457 δεῖν
1289 2398 1387 2468 ὅπως

218 2524 285 2561 cum
320 2502 425 2561 tuturo
459 2502 522 2562 ind.
557 2505 711 2577 sequitur:
738 2504 788 2561 Ai.
816 2506 877 2561 aab
904 2503 952 2562 δεῖ
972 2504 1000 2561 o'
1027 2505 1126 2575 ὅπως
1149 2501 1281 2581 δεῖξεις,
1305 2503 1386 2561 Phil.

219 2612 260 2668 54
277 2630 301 2667 s.
326 2609 360 2670 σὲ
384 2608 433 2669 δεῖ
454 2648 467 2657 -
486 2611 644 2681 -ὅπως-
662 2606 857 2690 ἐκκλέψας,
879 2630 971 2682 quam
988 2614 1176 2667 structuram
1192 2608 1385 2667 manifestum

219 2731 266 2775 cst
282 2718 500 2792 compromisso
525 2722 623 2773 ortam
648 2735 727 2788 esse,
752 2736 798 2774 ex.
823 2737 868 2792 gr.
895 2735 931 2772 ex
949 2714 997 2774 dei
1010 2738 1044 2775 σε
1061 2716 1157 2784 δεῖξαι
1175 2724 1205 2773 et
1222 2716 1281 2793 δρα
1299 2715 1388 2781 ὅπως

219 2823 336 2894 δείξεις,
371 2843 471 2897 neque
506 2824 538 2880 in
573 2821 748 2898 hujusmodi
781 2823 931 2899 exemplis
961 2821 997 2878 de
1026 2821 1128 2898 ellipsi
1152 2823 1238 2880 verbi
1262 2808 1388 2882 σκοπεῖν

219 2932 302 3006 loqui
327 2935 460 3007 oportet.

318 3248 418 3314 XXI.
466 3253 516 3310 De
539 3253 795 3311 assimilatione
818 3267 1008 3324 comprom.
1034 3253 1068 3309 in
1094 3252 1300 3344 enuntiatis!

667 3360 942 3430 interrogativis.

308 3555 338 3594 α.
385 3536 589 3594 Euuntiatum
618 3537 871 3611 interrogativum
895 3554 1122 3607 nonnumquam
1146 3535 1190 3590 ita
1216 3533 1388 3611 adhibetur,

220 3649 254 3698 ut
285 3643 351 3718 ipso
380 3643 485 3715 verbo,
510 3642 593 3716 quod
616 3643 775 3718 praecedit,
800 3662 858 3698 uon
884 3652 1020 3716 regatur,
1047 3640 1102 3698 sed
1126 3641 1250 3697 notione
1275 3639 1388 3713 aliqua,

220 3768 287 3822 quae
312 3749 342 3805 in
366 3760 468 3806 mente
494 3747 561 3823 ojus
585 3751 638 3822 qui
662 3749 798 3823 loquitur
823 3769 856 3806 se
880 3769 948 3805 cum
973 3767 1008 3805 eo
1034 3746 1192 3823 conjungit
1213 3746 1261 3804 vel
1279 3747 1390 3804 inserit

220 3860 251 3912 ct
276 3856 313 3913 ab
338 3873 373 3911 eo
398 3855 451 3928 qui
476 3854 564 3911 audit
588 3853 654 3930 ipso
680 3862 826 3913 contextu
850 3854 997 3912 facillimo
1023 3853 1184 3930 accipitur.
1221 3852 1389 3929 Sophocles

219 3962 316 4019 inulta
341 3959 480 4037 exempla
504 3961 631 4037 praebet,
656 3962 686 4017 in
711 3962 823 4034 quibus
850 3968 899 4018 est
929 3962 979 4019 Αἰ.
1003 3962 1066 4018 794
1094 3960 1175 4020 ὥστε
1194 3961 1229 4039 μ’
1250 3957 1390 4021 ὠδίνειν

219 4072 253 4130 τί
285 4068 358 4148 φής,
394 4067 476 4142 quod
510 4067 725 4125 Schneidewin
762 4069 989 4125 circuiriscribit
1024 4067 1103 4127 ὥστε
1131 4067 1199 4146 ἐμοὶ
1228 4067 1390 4147 σιχνβαίνεν

312 4313 318 4340 ¹
326 4330 331 4370 J
353 4316 393 4362 lle
413 4313 577 4376 hujusmodi
598 4315 755 4362 enuntiatis
776 4315 890 4376 copioso
911 4322 938 4361 ot
959 4314 1096 4376 praeclaro
1117 4316 1176 4373 ugit
1197 4313 1311 4375 Philipp
1327 4313 1390 4362 We-

222 4402 280 4451 ber.
300 4403 702 4465 Entu'ickelungsgeschirhte
723 4404 773 4451 der
791 4403 1009 4451 auur-insuaue
1030 4404 1151 4451 (Sollium
1175 4403 1260 4450 licitu
1283 4403 1328 4457 ll).
