3210 4912
319 294 358 349 12

272 452 415 510 relictam
450 470 518 510 esse
555 457 586 510 et
623 456 782 528 comparat
816 451 892 510 Eur.
922 449 975 510 Or.
1001 453 1063 510 591
1089 470 1131 510 ss.
1151 447 1333 514 Ἁπόλλων
1356 452 1445 519 ὃς·-

272 557 374 638 στόμα
407 558 493 638 νέμει
526 557 731 637 σαφέστατον,
746 597 759 606 -
773 559 917 639 -τούτῳ
940 557 1118 638 πιθόμενος
1140 557 1196 638 τὴν
1220 563 1374 620 τεκοῦσαν
1397 559 1447 619 ἔκ-

272 687 375 725 τανον.
424 662 538 723 Confer
572 666 666 722 etiam
690 663 802 741 Hymn.
828 662 952 722 Cereris
971 667 1011 723 66
1035 666 1172 748 κούρην
1194 663 1251 745 τὴν
1274 666 1446 736 ἔτεκον-η

272 779 333 854 τῆς
367 770 479 851 ἀδινὴν
512 771 565 831 ὄπ’
600 771 733 832 ἄκουσα.
760 806 799 814 -
826 768 860 829 O.
887 771 926 829 R.
953 757 1016 829 936
1042 791 1067 830 s.
1091 772 1130 833 τὸ
1155 770 1184 832 δ’
1210 772 1296 845 ἔπος
1322 772 1447 851 οὑξεριῖι

272 878 361 958 τάχα,
394 876 487 958 ἥύοιο
521 878 589 957 με’ν.
647 877 684 935 Ιο
719 876 806 935 nulla
840 876 987 952 editione,
1023 898 1116 952 quam
1150 878 1350 954 inspexerim,
1384 877 1447 936 nisi

273 984 500 1043 Schneidewini
529 984 567 1042 de
597 983 817 1043 assimilatione
843 984 967 1060 dicitur,
992 1004 1176 1058 quamquam
1201 991 1249 1043 est
1272 983 1446 1044 manifesta.

274 1091 383 1166 Neque
407 1093 498 1167 enim,
523 1090 604 1166 quod
629 1090 779 1149 Teurnier
802 1090 964 1149 Matthiaeo
990 1098 1114 1149 auctore
1136 1091 1213 1149 dicit
1228 1090 1363 1171 ἥδεσθαι
1380 1110 1448 1148 cum

274 1196 453 1256 accusativo
479 1196 577 1272 jungi,
602 1196 661 1254 huc
685 1197 829 1272 pertinet.
877 1194 956 1254 Nam
981 1195 1012 1253 id
1036 1216 1200 1272 numquam
1224 1196 1268 1275 fit,
1293 1196 1355 1256 nisi
1380 1216 1446 1255 cum

273 1324 441 1381 pronomen
465 1306 608 1364 neutrius
631 1304 755 1378 generis
778 1311 826 1361 est
851 1308 904 1360 aut
927 1305 1047 1378 quaevis
1064 1303 1262 1362 substantiva
1278 1306 1362 1362 notio
1380 1324 1448 1362 cum

273 1410 439 1488 participio
459 1411 578 1488 juncta,
602 1410 682 1468 unde
705 1430 760 1485 pro
785 1409 891 1468 dativo
915 1407 950 1469 τὸ
974 1409 1050 1477 ἔπος
1074 1429 1144 1468 esse
1169 1418 1307 1488 apparet.
1334 1447 1375 1453 —
1400 1411 1446 1469 El.

274 1519 338 1576 (552
364 1538 405 1576 ss
431 1516 549 1597 (plicent
573 1540 605 1577 τε
633 1518 790 1587 ξυνοῦσαν
819 1515 865 1584 οἷς
889 1515 1009 1595 ξύνειμι
1031 1515 1182 1576 νῦν-καὶ
1204 1518 1337 1579 τέκνοιν
1360 1516 1448 1577 ὅσοιν

274 1623 345 1704 ἐμοὶ
370 1625 499 1685 δύσνοια
523 1623 568 1704 μὴ
593 1623 766 1702 πρόσεστιν.
802 1623 849 1681 De
875 1623 932 1681 hoc
956 1621 1073 1682 dubito.
1110 1622 1152 1681 Et
1175 1625 1297 1681 tametsi
1314 1622 1449 1680 Dindorl'

273 1731 396 1792 τέκνοιν
424 1751 480 1807 per
508 1732 724 1789 attractionem
749 1750 803 1807 pro
826 1730 948 1798 τέκνοις
972 1749 1040 1789 esse
1064 1728 1141 1789 dicit
1165 1738 1197 1789 et
1220 1728 1447 1806 Schneidewin,

275 1838 439 1914 Tournier,
467 1837 592 1897 *Kaibel
628 1839 837 1909 consentiunt,
868 1846 969 1895 tamen
996 1838 1113 1895 animus
1136 1834 1224 1895 meus
1247 1837 1389 1911 inclinat,
1414 1844 1449 1894 ut

277 1943 399 2002 Wolflii
426 1951 457 2002 et
479 1945 501 2003 J
503 1945 586 2002 ebbii
610 1946 797 2002 sententiam
821 1945 956 2020 probem,
974 1945 1027 2017 qui
1043 1944 1165 2004 τέκνοιν
1181 1946 1352 2020 genitivum
1368 1951 1447 2020 part.

275 2070 344 2109 esse
381 2050 561 2109 existimant
595 2071 611 2108 a
645 2050 796 2107 vocabulo
831 2049 992 2116 τοσούτοις
1020 2050 1071 2108 vel
1098 2049 1219 2117 τούτοις
1254 2050 1448 2126 pendentem.

275 2157 358 2232 quod
394 2177 432 2216 ex
465 2157 597 2214 relativo
622 2156 709 2216 ὅσοιν
733 2157 810 2213 sumi
836 2157 944 2232 possit.
994 2154 1139 2213 Ceterum
1163 2157 1195 2213 in
1219 2156 1334 2213 talibus
1359 2157 1449 2213 relius

275 2283 342 2338 nos,
367 2263 518 2338 quomodo
543 2263 663 2336 antiqui
687 2261 826 2320 homines
850 2263 910 2338 ipsi
934 2263 1098 2338 senserint,
1125 2260 1295 2336 dijudicare
1312 2263 1362 2320 vix
1380 2281 1447 2336 pos-

275 2390 391 2428 sumus.
440 2368 543 2427 Wolff
564 2376 723 2445 comparat
746 2368 796 2427 Tr.
820 2370 884 2427 905
901 2368 1004 2429 ἔκλαιε
1020 2370 1181 2452 ὀργάνων
1197 2367 1272 2429 ὅτου
1289 2367 1447 2447 ψαύσειεν.

276 2478 434 2534 Praeterea
460 2474 681 2534 conferendum
706 2482 756 2535 est
780 2475 961 2553 exemplum,
980 2474 1061 2550 quod
1078 2494 1116 2533 ex
1132 2473 1334 2551 inscriptione
1352 2476 1449 2533 attica

277 2603 349 2641 saec.
390 2582 436 2640 IV
477 2589 554 2643 extr.
594 2583 810 2641 Meisterhans·
840 2582 954 2659 promit
996 2581 1112 2661 (Gram.
1152 2603 1224 2660 pag.
1268 2584 1340 2657 198,
1377 2580 1467 2658 25);’

277 2691 426 2768 ἔπραττεν
440 2739 446 2750 ,
461 2735 477 2760 .,
510 2690 600 2758 ὅπως
634 2688 761 2769 φυλακὴ
799 2687 891 2769 ἱκανὴ
928 2688 1016 2751 ἔλύοι
1045 2686 1281 2770 Ἐλειι[σι]νάύε
1304 2688 1357 2750 καὶ
1380 2694 1450 2750 τῶν

277 2793 394 2858 ἄλλων
411 2836 424 2845 -
442 2796 529 2857 ὅσοιν
554 2796 652 2855 ἐδεῖτο
676 2796 719 2862 εἰς
742 2795 891 2875 φυλακὴν
910 2793 1094 2863 Ἐλευσῖνος.

367 2904 405 2960 in
440 2903 598 2960 adverbiis
633 2900 786 2976 ejusmodi
822 2902 1006 2961 assimilatio
1041 2903 1197 2961 invenitur
1232 2900 1267 2959 Ο.
1299 2900 1332 2959 (J.
1366 2903 1448 2956 12‘215

276 3012 372 3090 βῆναι
395 3006 518 3070 κεῖθεν
541 3007 680 3086 ὅθενπερ
704 3008 782 3087 ἥκει,
807 3028 861 3084 pro
885 3014 968 3069 κεῖσε
992 3008 1139 3087 ὅύεντιερ.

366 3116 437 3173 Alia
472 3116 659 3189 regressivac
696 3114 929 3174 assimilationis
965 3115 1103 3191 exempla
1131 3115 1326 3172 inveniuntur
1347 3113 1448 3185 Kriig.

278 3224 346 3280 Att.
373 3222 461 3297 Synt.
488 3223 539 3297 51,
567 3224 617 3296 10,
644 3224 672 3280 9,
720 3221 850 3280 Kiihner
876 3223 979 3280 liram.
1005 3222 1040 3279 Π
1066 3224 1139 3295 555,
1157 3222 1187 3295 4,
1206 3223 1224 3277 5
1243 3220 1378 3278 etAnm.
1400 3221 1448 3276 14.

280 3328 474 3393 CauGrelr.
501 3327 588 3404 Synt.
617 3330 681 3385 112·
703 3349 729 3400 c,
756 3331 783 3386 2.

366 3435 612 3493 Assimilationis
647 3437 859 3512 pronominum
887 3437 918 3493 in
948 3435 1156 3492 locutionibus
1180 3431 1284 3500 οὐδεὶς
1307 3432 1389 3500 ὅστις
1413 3432 1451 3492 ού

280 3548 311 3600 et
335 3542 379 3610 τίς
402 3541 485 3609 ὅστις
509 3541 547 3602 οὐ
572 3541 742 3618 exemplum
767 3542 850 3618 apud
873 3541 1057 3618 Sophoclem
1080 3560 1139 3599 non
1164 3541 1267 3598 inveni
1291 3539 1359 3618 (Kr.
1384 3540 1450 3597 Aa.

279 3650 367 3726 Synt.
394 3652 446 3725 51,
475 3650 524 3724 10,
552 3650 601 3706 11,
650 3649 782 3707 Kiihner
807 3648 910 3706 Gram.
936 3648 971 3705 ΙΙ
996 3649 1069 3722 555,
1095 3648 1140 3723 5).

369 3756 418 3812 Ab
455 3756 513 3813 hac
550 3754 772 3814 assimilatione
807 3774 867 3813 non
902 3754 994 3830 longe
1029 3753 1180 3813 recedunt
1216 3754 1366 3831 exempla,
1400 3755 1450 3810 ula

280 3865 432 3940 appositio
458 3882 526 3920 cum
551 3845 703 3920 correlato
725 3862 883 3938 jungenda
905 3881 965 3920 non
989 3863 1021 3919 in
1046 3861 1137 3938 hujus
1163 3882 1235 3920 casu
1256 3863 1381 3937 ponitur
1398 3859 1453 3918 scd

280 3973 309 4028 in
335 3969 470 4043 relativi,
495 3971 514 4026 i.
541 3989 567 4028 e.
594 3989 611 4025 a
636 3969 787 4027 correlatc
813 3968 852 4026 ad
876 3968 1043 4026 relativum
1068 3967 1267 4025 transfertur.
1304 3965 1451 4043 Exempla

280 4085 366 4135 sunt:
404 4076 455 4134 Tr.
487 4076 551 4133 674
579 4096 621 4134 sa.
655 4072 683 4155 ᾧ
719 4074 779 4154 γὰρ
803 4073 857 4135 τὸν
881 4074 1037 4154 ἕνδιιτῆρα
1064 4074 1184 4134 πέπλον
1208 4073 1325 4152 ἀρτίοις
1348 4074 1453 4152 ἔχριον

280 4183 397 4263 ἀργῆτῆ
427 4182 492 4250 οἰὸς
521 4182 632 4260 εύὲροιι
661 4184 776 4263 πόκῳ,
800 4182 878 4241 τοῦτ’
906 4182 1081 4261 ἠφάνισται,
1105 4182 1156 4238 ulii
1181 4180 1275 4259 πόκῳ
1301 4181 1453 4257 appositio

280 4299 329 4347 ost
354 4289 497 4365 subjecti,
524 4289 606 4364 quod
629 4289 761 4347 relativo
787 4288 946 4346 enuntiato
972 4289 1148 4346 continetur
1170 4292 1319 4347 -τούτο
1343 4305 1454 4363 epana-

280 4397 376 4474 lepsis
399 4396 488 4454 modo
514 4407 563 4454 est
581 4432 620 4439 —
639 4395 692 4454 sed
716 4397 747 4453 in
771 4397 870 4472 ipsius
894 4396 1083 4474 pronominis
1109 4413 1181 4452 casu
1198 4396 1342 4470 positum.
1377 4392 1454 4451 Con-
