3210 4912
260 230 300 287 74

214 387 248 448 O.
276 387 310 447 0.
338 390 432 464 1634,
468 391 520 448 ubi
555 388 650 450 τελεῖν
687 388 774 467 (1111.)
803 391 950 449 iteratum
977 388 1017 447 ad
1044 387 1160 469 μέλλῃς
1183 387 1383 475 cogitandum

213 502 270 556 est.
318 495 437 587 Ecclem
462 515 556 557 sensu
580 512 718 572 proescns
742 494 799 554 inf.
824 501 993 573 usurpatur
1018 494 1054 554 0.
1074 495 1107 555 0.
1128 496 1211 555 1773
1229 516 1254 554 s.
1273 494 1383 574 δράσω

213 601 266 664 καὶ
299 601 372 663 τάδε
405 601 457 663 καὶ
491 602 589 663 πάνθ’
628 602 719 664 ὀπόσ’
756 603 795 665 ἂν
827 601 933 682 μέλλω
957 603 1127 685 πράσσειν
1149 579 1321 682 πρόσφορα
1347 601 1381 662 θ’

213 709 287 790 ὑμῖν
304 749 317 758 -
335 748 357 770 -,
392 709 473 769 Item
497 709 548 769 Tr.
577 711 616 769 79
640 729 683 770 ss.
710 710 815 787 (quom
837 709 938 768 locum
962 708 1059 787 vide),
1084 708 1164 768 Phil.
1189 711 1264 786 409,
1288 707 1324 767 0.
1341 707 1382 766 R.

216 818 310 892 1385,
347 816 479 891 deniquo
514 816 562 875 El.
595 817 678 875 1486
702 816 852 897 θνήσκειν
874 815 892 876 ὁ
915 814 1048 895 μέλλων,
1072 817 1125 890 qui
1149 822 1252 874 tamen
1275 833 1384 874 versus

214 944 282 982 cum
305 925 443 1000 proxime
467 923 665 982 antecedenti
689 922 889 1000 plurimorum
911 928 981 1001 post
996 922 1190 981 Dindorfium
1206 919 1384 980 criticorum

214 1050 369 1089 consensu
392 1030 572 1108 interpolati
595 1037 745 1107 putantur
770 1027 839 1106 (Ofr
862 1028 987 1088 Wolffii
1012 1029 1173 1108 adn.).,-
1199 1028 1317 1087 Contra
1332 1026 1384 1086 fu-

214 1144 315 1195 turum
350 1135 416 1213 1111,
453 1156 638 1211 quamquam
671 1136 843 1195 voluntatis
871 1138 956 1195 notio
985 1138 1103 1212 subest,
1127 1137 1283 1194 invenitur
1308 1133 1383 1192 Ant.

214 1245 278 1302 458
302 1263 326 1302 s.
351 1242 471 1317 τούτων
495 1243 553 1304 οὐκ
577 1242 706 1322 ἔμελλον
729 1242 762 1303 ἐν
786 1241 964 1322 11εοῖσιτὴν
988 1242 1079 1321 δίκην
1102 1238 1240 1304 δώσειν.
1319 1258 1328 1279 ·

300 1371 332 1433 y.
378 1349 408 1406 A
442 1350 555 1426 verbis,
584 1369 653 1424 quac
675 1349 865 1408 voluntatem
890 1350 1073 1426 exprimunt,
1097 1349 1192 1406 verba
1212 1349 1385 1424 pellicandi

214 1458 281 1517 sim.
306 1477 366 1516 non
391 1461 512 1514 tantum
538 1457 661 1531 absunt,
687 1463 722 1515 ut
744 1456 810 1515 haec
833 1456 958 1514 illorum
976 1455 1210 1514 similitudinem
1225 1454 1384 1513 interdum

213 1572 321 1622 secuta
345 1583 413 1623 esse
439 1562 567 1622 difficile
591 1563 765 1640 intelligere
787 1565 837 1622 sit.
873 1563 1056 1640 Exemplum
1072 1563 1184 1639 legitur
1201 1562 1278 1620 Phil.
1300 1563 1383 1621 1398

212 1671 232 1731 ἃ
257 1670 284 1731 ‹l’
312 1671 425 1752 ᾔνεσάς
458 1694 543 1752 μοι-
561 1710 574 1719 -
593 1710 615 1741 -,
643 1673 794 1753 πέμπειν
821 1668 903 1749 πρὸς
926 1671 1042 1741 οἴκους,
1066 1671 1118 1728 ubi
1142 1669 1279 1746 Blaydes
1302 1669 1381 1754 πέμ-

215 1800 284 1856 ψειν
307 1779 477 1854 proposuit.
514 1778 616 1836 Primo
639 1779 670 1835 in
694 1777 751 1836 hoc
773 1794 888 1855 genere
911 1778 1062 1855 ponebam
1085 1777 1134 1836 Αἰ.
1161 1778 1245 1835 1376
1270 1796 1295 1836 s.
1320 1774 1384 1837 ἀπὸ

212 1884 301 1944 τοῦδ’
327 1883 517 1963 ἀγγέλλομοι
533 1923 546 1932 -
565 1923 577 1932 -
594 1883 719 1945 τοσόνδ’
745 1880 835 1946 εἶναι
863 1883 961 1963 φίλος.
1008 1883 1071 1942 Sed
1102 1881 1305 1960 promittendi
1332 1903 1385 1941 no·

213 1992 256 2048 tio
280 1992 373 2050 verbo
406 1989 596 2070 ἀγγέλλομαι
625 2010 686 2048 non
712 2010 841 2050 necesse
869 1997 917 2049 est
945 1989 1128 2065 subjiciatur
1158 1988 1383 2067 (profiteor).

213 2096 269 2156 cfr
292 2096 411 2155 Oavall.
437 2096 525 2173 Synt.
552 2099 626 2167 231,
652 2100 681 2156 3.

302 2191 565 2280 Periphrasticam
597 2205 747 2281 temporis
775 2202 904 2263 formam
927 2206 1054 2262 verbum
1078 2203 1172 2285 ἔχειν
1196 2202 1383 2287 cumparti-

214 2312 292 2387 cipio
333 2309 452 2386 aoristi,
491 2311 593 2367 rarius
627 2309 706 2387 perf,
738 2309 879 2386 junctum
914 2311 1041 2386 praebet.
1099 2309 1167 2367 Hoc
1202 2308 1383 2385 praeclarum
1487 2386 1490 2397 Ι

212 2418 380 2494 exemplum
415 2423 473 2493 est,
504 2417 654 2491 quomodo
679 2422 836 2475 structura
861 2417 1002 2493 analogia
1025 2417 1175 2494 paulatim
1198 2420 1340 2492 serpente
1364 2435 1384 2472 a

213 2543 267 2580 suo
304 2523 371 2581 loco
407 2542 442 2581 eo
470 2529 618 2600 provecta
642 2526 692 2598 sit,
717 2530 752 2582 ut
776 2543 812 2582 ex
836 2525 960 2600 proprio
984 2530 1015 2582 et
1038 2523 1203 2600 principali
1227 2542 1320 2582 sensu
1344 2523 1384 2580 ad

213 2638 381 2688 extremum
416 2650 524 2707 parum
557 2641 740 2690 remaneret.
788 2630 850 2688 Vix
885 2632 966 2689 enim
1000 2622 1138 2689 dubitari
1165 2637 1279 2705 potest,
1309 2627 1384 2702 quin

212 2739 300 2795 initio
336 2737 375 2795 de
402 2737 591 2814 possidendo
615 2758 661 2810 eo,
687 2738 768 2812 quod
792 2737 861 2812 quis
886 2739 1007 2796 actione
1030 2736 1188 2813 participii
1212 2755 1384 2812 comparas-

214 2850 271 2918 set,
296 2844 362 2902 haec
385 2844 499 2902 locutio
525 2843 667 2904 adhibita
691 2845 742 2918 sit,
768 2862 814 2901 ex.
839 2864 885 2920 gr.
911 2843 1055 2921 ἁρπάσας
1078 2843 1152 2923 ἔχω,
1176 2841 1285 2922 λαβὼν
1309 2842 1384 2922 ἔχω.

213 2951 273 3008 Η1ο
296 2971 374 3008 usus
397 2953 554 3026 praecipue
579 2951 662 3026 apud
684 2950 877 3008 Herodotum
900 2951 1058 3008 invenitur
1084 2949 1152 3024 (cfr
1176 2949 1276 3025 Kriig.
1293 2949 1328 3007 P.
1351 2949 1382 3007 S.

214 3060 265 3131 56,
291 3060 320 3131 3,
346 3059 391 3134 8).
438 3057 568 3115 Prorsus
602 3056 807 3133 principalem
840 3059 903 3115 vim
932 3057 998 3115 haec
1023 3055 1197 3130 conjunctio
1221 3056 1384 3114 verborum

213 3164 306 3221 habet
331 3183 377 3220 ex.
402 3183 449 3238 gr.
475 3163 553 3221 Phil.
580 3165 643 3221 049
669 3184 693 3222 s.
718 3162 753 3224 τὰ
777 3164 852 3234 τόξα
868 3187 932 3243 poc
950 3204 963 3212 -
981 3160 1160 3244 -λαβὼν-
1178 3202 1191 3211 -
1209 3202 1222 3210 -
1239 3163 1309 3241 ἔχει.
1345 3161 1383 3219 In

212 3270 269 3327 hoo
292 3289 404 3344 genere
428 3273 583 3328 munerari
606 3278 710 3347 potest
735 3269 769 3329 O.
795 3271 834 3328 R.
862 3272 925 3329 577
949 3270 1090 3350 ἀδελφὴν
1106 3270 1160 3351 τὴν
1177 3270 1256 3350 ἐμὴν
1270 3272 1385 3352 γήμας
1465 3292 1467 3296 ·

212 3376 297 3455 ἔχεις.
344 3376 422 3433 Tum
456 3376 521 3433 haec
550 3377 698 3451 loquendi
722 3379 802 3435 ratio
828 3379 948 3435 omnino
974 3377 1012 3435 ad
1038 3382 1154 3435 statum
1178 3397 1201 3435 s.
1228 3376 1382 3452 eflectum,

212 3484 266 3557 qui
289 3482 448 3560 participii
473 3486 593 3542 actione
618 3486 805 3559 exstitisset,
824 3484 1060 3560 significandum
1077 3484 1198 3561 prolata
1214 3493 1270 3560 est,
1288 3484 1383 3558 idque

213 3591 336 3648 etiamsi
371 3593 563 3649 intransitivi
597 3593 684 3649 verbi
712 3591 910 3668 participium
935 3603 1009 3649 erat.
1058 3591 1220 3668 Ejusmodi
1245 3590 1383 3666 exempla

213 3703 298 3755 sunt:
327 3698 404 3756 Phil.
431 3700 494 3756 600
519 3698 556 3759 ὅν
580 3700 607 3777 γ’
636 3699 695 3776 (La
719 3699 813 3775 ὅντ’)
833 3697 916 3778 εἶχον
934 3698 993 3778 ἤδη
1011 3698 1138 3778 χρόνιον
1155 3735 1196 3741 -
1213 3694 1381 3779 ἐκβεβλη-

212 3806 319 3876 κότες.
366 3805 440 3863 Ant.
480 3807 543 3864 180
578 3805 660 3872 ὅστις
684 3805 718 3865 ἐκ
743 3805 848 3885 φόβου
872 3828 926 3865 τοο
951 3804 1096 3883 γλῶσσαν
1119 3801 1289 3887 ἐγκλῄσας
1312 3805 1381 3883 ἔχει.

212 3911 451 3970 intransitivum
475 3914 600 3971 verbum
625 3919 689 3971 est:
716 3910 751 3970 O.
776 3913 814 3970 R.
843 3914 902 3970 731
929 3911 1119 3991 ηιίιὸοῖτογάρ
1136 3913 1216 3973 τοῦτ’
1239 3912 1382 3973 οὐδέπω

210 4014 348 4099 λήξαντ’
386 4020 456 4098 ἔχει.
505 4020 555 4078 Tr.
591 4021 632 4077 37
666 4015 856 4102 ταρβήσασ’
888 4020 962 4098 ἔχον.
992 4055 1032 4061 —
1058 4019 1198 4093 Denique
1221 4021 1268 4078 vis
1292 4019 1382 4095 hujus

214 4125 318 4182 lormae
362 4147 450 4202 paene
487 4127 523 4183 ao
567 4126 717 4201 simplicis
758 4128 867 4185 aoristi
903 4134 1089 4202 potestatem
1128 4127 1283 4184 infirmata
1323 4133 1380 4185 est.

215 4231 264 4287 lta
288 4251 368 4308 saepc
405 4232 486 4307 apud
522 4234 713 4309 Sophoclem,
750 4254 796 4292 ex.
833 4255 877 4306 gr.
926 4234 1001 4292 Ant.
1035 4236 1095 4291 19⁶2
1132 4233 1273 4313 κηρύξας
1308 4235 1381 4313 ἔχω,
1451 4244 1459 4261 1

212 4339 285 4395 Ant.
313 4340 374 4396 793
399 4359 423 4396 s.
448 4339 518 4399 τόδε
544 4345 641 4405 νεῖκος
670 4340 822 4418 ξύναιμον
845 4340 972 4418 ἀνδρῶν
996 4341 1075 4420 ἔχεις
1098 4340 1243 4418 ταράξας.
1292 4339 1380 4398 (1.0.
