3210 4912
314 270 356 327 60

357 451 391 510 η.
439 429 676 505 Adjectc'vorttna
701 448 770 486 cum
793 428 933 503 genitivo
954 425 1101 502 junctura
1116 423 1139 502 ¹)
1164 425 1245 502 apud
1262 425 1444 504 Sophoclem

269 536 331 595 late
356 541 452 612 patet,
478 537 509 592 in
533 555 595 610 qua
619 534 821 611 propaganda
845 533 989 610 analogia
1015 535 1082 592 sine
1107 533 1200 591 dubio
1225 553 1366 608 magnam
1382 535 1443 591 vim

268 643 386 701 habuit.
422 642 473 700 Sic
497 642 536 700 ad
561 641 709 718 adjectivi
732 640 819 711 ἄξιος
843 640 1079 698 similitudinem
1103 645 1178 717 puto
1202 642 1351 722 πρέπων
1375 659 1443 698 con-

270 754 423 806 structum
447 766 517 805 esse
541 745 593 804 Ai.
620 747 682 803 534
706 745 854 824 πρέπον·
869 784 882 794 -
899 743 938 825 ἦν
963 746 1113 825 δαίμονος
1135 746 1255 825 τούμοῦ
1279 746 1359 817 τόδε,
1376 767 1445 822 quae
1503 806 1506 811 ⁴

270 861 432 913 structura
468 854 561 911 etiam
596 853 750 929 reperitur
785 853 861 910 Plat.
887 852 1009 911 Menex.
1034 872 1104 929 pag.
1131 854 1194 911 ‘239
1219 873 1236 911 c
1259 853 1446 932 πρεπόντως

269 965 333 1022 τῶν
367 959 557 1039 πραξάντων
605 959 722 1035 (Kuhn.
759 959 794 1016 II
831 961 905 1036 418,
943 959 987 1031 4).
1026 994 1066 1001 -
1101 960 1143 1016 Et
1179 979 1234 1036 per
1271 960 1445 1037 analogiam

271 1067 502 1143 adjectivorum,
540 1086 608 1141 quae
645 1066 806 1142 plenitatis
830 1067 988 1124 notionem
1013 1067 1181 1139 continent,
1206 1065 1352 1124 videntur
1376 1086 1445 1124 cum

269 1175 407 1250 genitivo
444 1173 556 1249 juncta
596 1192 665 1231 esse
701 1168 809 1254 μέλας
844 1171 895 1229 Tr.
937 1174 998 1231 717
1034 1168 1081 1238 ἰὸς
1115 1172 1246 1251 αἱματος
1279 1171 1377 1251 μέλας
1412 1179 1445 1231 et

271 1276 430 1351 ὕπουλος
454 1278 490 1336 Ο.
516 1279 554 1336 R.
577 1280 660 1336 139ss
684 1277 799 1344 κάλλος
821 1282 934 1338 κακῶν
960 1276 1107 1338 ὕπουλον.
1144 1278 1317 1352 Utrobique
1334 1277 1445 1337 Nauck

272 1386 387 1460 aliique
425 1385 630 1462 corruptelam
666 1403 735 1442 esse
769 1392 887 1461 putant.
936 1384 977 1442 Et
1005 1387 1108 1461 priore
1132 1383 1199 1442 loco
1224 1382 1306 1441 haud
1330 1385 1374 1442 ita
1398 1402 1445 1441 re-

270 1513 383 1570 pugno,
419 1492 499 1550 illud
523 1491 648 1567 quidem
670 1493 770 1549 minus
794 1496 922 1567 propter
945 1493 1045 1566 ipsam
1069 1495 1269 1564 structuram,
1294 1490 1349 1550 sed
1372 1491 1447 1566 quia

271 1605 374 1658 textus
411 1598 481 1658 aliis
517 1597 758 1657 difficultatibus
794 1598 924 1656 laborat.
973 1597 1034 1656 Sed
1059 1599 1091 1655 in
1114 1599 1285 1674 posteriore
1310 1598 1446 1674 exemplo

271 1726 358 1784 paene
392 1708 466 1764 oaeci
498 1706 630 1764 hominis
656 1711 704 1762 est
728 1724 797 1762 cum
820 1704 961 1763 Nauokio
986 1711 1177 1764 structuram
1200 1704 1249 1763 his
1273 1707 1375 1763 verbis
1399 1724 1446 1763 re·

271 1813 414 1890 pudiare:
452 1813 556 1870 “Aber
589 1811 726 1879 ὕποαλός
748 1834 831 1880 τινος
855 1812 935 1871 lasst
959 1811 1025 1870 sich
1049 1810 1197 1885 nirgends
1220 1812 1330 1869 weiter
1353 1810 1446 1870 nach-

271 1921 415 1978 weisen.“
453 1918 521 1976 Non
545 1920 711 1977 invenitur.
747 1918 857 1977 Credo
893 1920 954 1977 Sed
972 1919 1447 1977 similesstructuraesexcentae

271 2028 480 2099 inveniuntur,
506 2027 558 2083 ubi
582 2030 652 2102 post
673 2024 831 2101 adjectiva
848 2046 885 2085 ex
902 2026 1109 2085 substantivis
1127 2033 1159 2083 et
1174 2022 1448 2100 praepositionibus

273 2134 444 2208 composita
478 2130 647 2221 gravitatis
684 2137 738 2189 aut
766 2133 983 2209 explicationis
1008 2152 1102 2190 causa
1124 2129 1282 2204 genitivus
1308 2128 1446 2186 additur.

273 2239 359 2296 Siout
384 2238 466 2315 apud
490 2237 672 2314 Sophoclem
697 2237 732 2299 Ο,
759 2236 799 2295 R.
825 2239 889 2294 420
913 2240 992 2318 βοῆς
1016 2240 1219 2319 σύμφωνος,
1243 2257 1270 2297 v.
1297 2237 1360 2293 212
1377 2257 1447 2314 μαι·

273 2344 380 2406 νάὸων
415 2340 615 2425 ὁμόστολος,
645 2345 696 2403 Ai.
725 2345 808 2401 1405
841 2344 972 2423 τρίποδα
997 2343 1139 2421 λούτριον
1162 2344 1348 2424 ἐπίκαιρον
1371 2342 1447 2399 rnul-

272 2463 365 2526 taque
391 2451 461 2527 alia,
486 2458 558 2527 post
582 2469 662 2527 quae,
688 2453 715 2509 si
737 2470 842 2508 verum
867 2450 1007 2518 dicimus
1032 2451 1188 2526 genitivus
1214 2448 1375 2507 difficilius
1397 2468 1448 2507 ex-

272 2557 427 2634 planatur.
474 2556 552 2614 Nam
576 2557 634 2616 hoe
658 2556 724 2614 loco
749 2556 842 2615 facile
864 2556 1318 2633 fie1·ipotuit,utpoeta,cum
1334 2554 1449 2623 κάλλος

271 2669 383 2725 κακῶν
406 2663 521 2743 μεστόν
544 2664 594 2722 vel
619 2663 704 2721 aliud
728 2663 879 2740 ejusmodi
904 2665 1077 2739 scripturus
1103 2673 1195 2738 esset,
1221 2663 1348 2737 gravius
1372 2661 1448 2719 illud

275 2770 411 2832 ὕπουλον
445 2769 616 2845 subjiceret
643 2772 733 2845 eique
757 2770 960 2846 plenitudinis
985 2772 1142 2828 notionem
1165 2770 1360 2827 immisceret.
1407 2767 1450 2825 Et

273 2884 388 2952 quanto
421 2879 544 2936 inanius
569 2884 600 2934 et
625 2875 806 2950 languidius
824 2885 889 2953 est,
919 2877 1002 2950 quod
1025 2876 1135 2934 Nauck
1160 2876 1334 2952 proposuit:
1359 2874 1450 2942 ἕλκος

273 2987 383 3049 κακῶς
420 2982 579 3043 ὕπανλονλ
614 2982 675 3040 Sed
711 2982 804 3060 plana
839 2983 963 3056 quidam
1000 2985 1099 3040 omnia
1135 2981 1253 3040 volunt.
1281 3016 1320 3024 —-
1346 2981 1449 3039 Etiam

275 3088 430 3163 adjectiva
454 3110 473 3148 α
497 3088 653 3165 privativo
678 3091 848 3165 composita
871 3090 1043 3165 genitivum
1067 3102 1188 3164 regunt,
1210 3091 1262 3162 qui
1278 3088 1448 3163 genitivuS,

273 3195 335 3252 nisi
360 3194 488 3252 alterurn
512 3197 680 3253 membrum
704 3197 804 3273 ipsum
827 3216 881 3273 per
905 3216 937 3254 so
962 3196 1044 3253 hunc
1069 3215 1174 3253 casum
1198 3197 1338 3269 requirit,
1362 3196 1449 3272 geni·

274 3302 356 3359 tivus
381 3303 577 3378 separativus
601 3311 648 3362 est
675 3301 742 3380 (Cfr
766 3302 870 3361 Kiihn.
896 3303 1024 3378 11421,
1043 3303 1072 3376 4,
1091 3302 1207 3378 Auru).
1255 3302 1335 3360 Nam
1355 3300 1449 3381 ἄχολ-

273 3430 341 3477 κας,
365 3408 508 3478 ἄσκευος,
532 3408 651 3476 ἄλυπος
676 3408 851 3483 similiaque
875 3409 952 3466 nihil
976 3410 1037 3466 nisi
1062 3409 1188 3467 carendi
1212 3410 1366 3467 notionem
1385 3408 1449 3484 ple-

274 3514 360 3573 niore
384 3516 474 3575 inodo
500 3515 767 3590 circumscribunt,
793 3516 876 3573 sicut
902 3515 937 3574 Ο.
964 3516 1002 3572 It.
1031 3517 1088 3573 191
1118 3513 1273 3597 ἄχαλκος
1295 3514 1448 3586 ἀοπίὸων,

275 3621 310 3679 Ο.
337 3621 370 3681 Ο.
397 3620 460 3679 676
487 3643 526 3680 ss.
553 3622 697 3702 φυλλάδα
734 3625 910 3704 ἀνήνεμον
933 3622 1061 3683 πάντων
1095 3622 1273 3701 χειμώνων,
1308 3621 1358 3680 At.
1385 3623 1445 3679 321

365 3760 385 3821 ¹)
417 3763 456 3810 lle
481 3761 566 3825 hujus
591 3768 744 3811 structurus
770 3764 880 3821 origine
901 3761 971 3809 dicit
991 3761 1136 3810 Dolbriick
1157 3760 1262 3821 (Vergl.
1285 3762 1363 3823 Synt.
1384 3774 1448 3825 pag.

275 3853 348 3914 bodl:
378 3852 431 3899 llio
461 3851 582 3912 iibrigsn
611 3852 710 3914 (supra
738 3852 771 3899 de
802 3850 953 3913 adjectivis
976 3867 1062 3914 praep.
1082 3857 1121 3897 ἐπί
1139 3853 1306 3913 compositis
1327 3850 1449 3914 aliisquo

275 3939 421 3988 nonnullis
441 3940 563 4004 dixmut)
585 3941 647 3988 hier
667 3956 702 3987 nu
722 3939 930 3987 uruviilrnontlrn
950 3938 1103 4001 adjectiva
1121 3940 1193 3988 sind.
1210 3941 1250 3986 sei
1266 3955 1295 3986 es
1310 3938 1450 4002 wirklich.

275 4031 314 4076 sei
346 4045 375 4075 os
406 4028 489 4093 ideal,
514 4029 604 4077 durch
624 4028 668 4076 dio
690 4029 771 4076 Stul'o
792 4028 841 4076 <les
863 4028 1065 4090 l'urtinipiunrs
1086 4027 1335 4091 durohgegungen,
1355 4027 1450 4076 huben

275 4116 335 4164 also
357 4118 417 4165 ihre
437 4118 650 4165 Konstruktion
670 4133 732 4165 voni
754 4116 880 4165 Verbum
900 4115 1053 4164 nntlohnt‘*
1069 4126 1121 4165 cor.
1148 4116 1197 4164 (tir
1217 4133 1232 4162 o
1251 4133 1382 4164 sernnme
1402 4116 1450 4166 So-

275 4205 385 4267 1)l1()(·lls
410 4205 453 4256 El.
474 4207 490 4253 3
511 4212 682 4272 (ἴηνα-ΜΗ
695 4211 750 4264 ἧσθ’
767 4210 809 4252 ἀπ’,
850 4207 950 4253 “Simu
966 4211 1087 4263 πρόθυμος
1103 4210 1177 4263 ἦανΤ-
1206 4210 1343 4264 ἐπεθύμεις-*1
1364 4205 1449 4255 Jebl).
1530 4234 1536 4241 ·

277 4295 347 4341 ltom
363 4295 422 4342 lein»,
438 4293 549 4344 liuibcl.
564 4297 611 4357 qui
627 4295 739 4343 confort
752 4311 776 4344 v.
789 4295 858 4343 tots
867 4299 997 4361 Q
1011 4302 1049 4340 1013
1066 4302 1150 4344 θανεῖν,
1178 4294 1349 4357 (Utrumque.
1360 4293 1448 4343 semel

276 4385 303 4430 in
323 4385 426 4443 grunnis
448 4383 548 4433 litoris.
568 4383 693 4447 liuilwl).
