3210 4912
258 242 300 299 34

216 436 252 444 —
279 401 353 476 quid
378 407 479 459 tamen
507 401 570 460 tale
594 404 735 479 interest,
760 402 843 477 quod
868 401 906 458 ad
930 403 1029 479 ipsam
1054 405 1195 458 naturam
1219 405 1385 458 structurae

212 509 387 584 pertineat?
434 508 472 565 In
505 506 555 566 his
585 509 726 566 omnihus
751 508 900 584 exemplis
924 507 1050 586 ὄρνιθες
1073 507 1180 583 opinor
1204 505 1386 583 principalis

212 613 298 673 notio
333 626 412 692 erut,
448 634 540 690 quam
569 615 671 673 Graeci
698 635 804 690 verum
828 613 1002 690 subjectum
1027 619 1080 672 aut
1104 632 1211 672 verum
1234 610 1386 688 objectum

214 739 282 780 esse
318 722 505 796 sentiebant,
542 723 663 780 etiamsi
698 722 866 797 vocabulis,
903 740 1103 796 quaecumque
1131 724 1229 796 erant,
1258 718 1386 778 fortuito

214 827 329 887 additis
365 829 402 888 ab
437 827 491 886 illa
522 827 678 905 positione
702 835 771 887 eret
793 833 920 887 remote.
947 864 988 870 —
1012 826 1109 885 Aliud
1137 825 1309 903 exemplum
1338 830 1387 885 est

212 934 263 993 Αἰ.
289 937 351 993 811
371 955 396 994 s.
421 935 481 1016 οὐχ
505 935 600 1014 έδρας
623 934 710 1016 ἀκμὴ
734 934 846 1016 σῴζειν
861 931 1033 1006 θέλοντας
1048 932 1149 1012 ἄνδρα
1167 933 1195 1012 γ’
1214 933 1249 1000 ὃς
1265 931 1386 1013 σπεύδῃ

213 1041 330 1113 θανεῖν,
355 1043 407 1100 ubi
436 1041 495 1121 οὐχ
519 1041 614 1121 ἕδρας
638 1041 726 1122 ἀκμή
751 1042 834 1101 idem
856 1040 941 1101 valet
965 1047 1060 1116 atque
1084 1039 1144 1120 οὐχ
1168 1037 1264 1120 ἧσθαι
1288 1035 1385 1116 δεῖῐ).

213 1147 310 1207 Paulo
335 1150 484 1207 remotius
508 1148 632 1208 videtur
657 1167 726 1208 esse
750 1148 800 1207 El.
826 1150 889 1207 479
915 1168 941 1207 ε.
958 1147 1066 1209 ὕπεστί
1085 1167 1147 1229 μοι
1163 1146 1292 1226 θράσος,
1309 1144 1386 1207 ἁδυ-

212 1253 323 1315 πνόων
357 1252 537 1318 κλύουσαν
584 1255 700 1334 ἀρτίως
734 1255 905 1335 ὀνειράτων
924 1277 930 1314 :
949 1254 1118 1335 ὑπέρχεταί
1151 1275 1200 1333 με,
1234 1251 1388 1333 deperiret

212 1383 253 1440 με
279 1360 411 1439 (δορα).
460 1361 535 1419 Cum
559 1362 616 1420 hoc
639 1361 707 1421 loco
731 1367 816 1438 recte
842 1367 1059 1438 comparantur
1083 1360 1185 1419 AEsch.
1211 1359 1299 1419 Pers.
1322 1361 1386 1418 913

213 1487 249 1543 s,
275 1466 351 1525 Cho.
377 1469 442 1525 410
466 1488 490 1528 s.
508 1468 628 1528 Praeter
644 1469 701 1528 hoc
716 1469 888 1545 proximum
906 1467 1122 1527 Schneidewin
1138 1467 1228 1544 plura
1246 1466 1388 1544 exempla

212 1572 340 1651 profert,
376 1594 484 1634 verum
519 1577 550 1633 in
585 1576 665 1634 hunc
689 1577 789 1635 locum
813 1596 873 1634 non
898 1577 1095 1651 conveniunt,
1120 1575 1263 1649 quoniam
1287 1572 1387 1631 infini-

215 1681 298 1739 tivus
323 1677 586 1757 intercedit,'qua
609 1701 642 1740 re
667 1682 729 1740 alia
752 1683 831 1740 ratio
855 1680 898 1744 fit.
947 1681 991 1740 Ut
1014 1680 1062 1740 El.
1088 1682 1151 1739 959
1176 1700 1218 1739 ss.
1242 1673 1266 1763 ᾖ
1290 1679 1387 1759 πάρε-

193 1810 259 1848 στι
286 1787 345 1868 μὲν
372 1788 486 1849 στένειν
507 1827 520 1837 -
538 1827 551 1837 -
568 1788 767 1869 ἐστερημένῃ,
790 1787 919 1868 πάρεστι
944 1787 972 1849 δ’
999 1787 1102 1868 ἀλγεῖν
1119 1826 1131 1836 -
1149 1787 1388 1868 γηράσκουσαν,

215 1896 267 1954 ubi
292 1914 385 1953 causa
410 1897 581 1954 accusativi
605 1896 829 1976 γηράσκουσαν
851 1896 977 1955 videtur
1002 1917 1019 1954 a
1042 1895 1207 1972 principali
1225 1914 1284 1953 usu
1300 1913 1389 1970 repe-

215 2001 310 2059 tenda
344 2021 422 2078 esse,
447 2000 574 2060 dativus
607 2007 709 2061 eutem
733 2003 923 2084 ἐστερημένῃ
948 2012 1077 2061 externa
1101 2000 1324 2059 assimilatione
1349 2000 1388 2059 ed

214 2107 267 2165 rel.
292 2103 313 2187 ᾖ
336 2106 519 2183 provenisse
546 2107 653 2186 (Ziem.
679 2108 740 2167 Str.
766 2129 837 2185 pag.
864 2109 904 2167 75
923 2108 968 2188 q).

302 2252 331 2314 γ.
378 2233 519 2292 Dotious.
567 2230 600 2290 Ο.
627 2233 667 2292 R.
693 2233 824 2291 eso-4
848 2233 970 2294 ἐννέπω
995 2251 1033 2295 σε
1056 2241 1101 2313 τῷ
1124 2233 1388 2314 κηρύγματι---

214 2338 369 2418 ἐμμένειν,
393 2337 472 2418 κάφ’
499 2338 620 2419 ἡμέρας
643 2345 698 2420 τῆς
721 2345 778 2400 νῦν
801 2339 988 2419 προσαυδᾶν
1008 2341 1087 2420 μήτε
1102 2340 1215 2402 τούσδε
1230 2341 1300 2421 μήτ’
1323 2339 1388 2419 ε’γιέ,

214 2443 260 2513 ὡς
295 2446 368 2507 dm
403 2451 459 2526 γῆς
485 2446 573 2527 τῆσδ’
599 2446 718 2527 ἀνοσίῳ
740 2447 892 2527 μιάστορι.
938 2446 1131 2506 Structorem
1155 2445 1248 2506 facile
1272 2445 1389 2505 intelli-

213 2570 287 2629 gere
311 2557 369 2629 est,
395 2554 468 2627 quia
491 2552 614 2614 ἐννέπω
639 2555 733 2612 etiam
757 2573 825 2612 cum
849 2552 1387 2632 dativojungitur,sicutEl.1367

214 2665 307 2738 σφῷν
343 2658 372 2719 δ’
399 2659 530 2720 ε’ννέπω.
578 2661 638 2719 Vel
673 2665 708 2719 ut
744 2659 922 2719 accuratius
946 2660 1057 2736 dicam,
1083 2661 1141 2719 hoc
1165 2660 1255 2719 modo
1278 2678 1312 2717 se
1336 2677 1388 2718 res

213 2765 317 2825 habet.
369 2766 507 2825 Verbum
542 2766 681 2828 ε’ννέπειν
715 2768 772 2826 hoc
808 2786 901 2826 sensu
937 2768 1083 2847 (edicere,
1119 2765 1285 2844 imperare)
1318 2785 1388 2824 cum

214 2873 318 2932 dativo
354 2892 496 2949 personae
521 2872 673 2950 jungitur,
698 2876 896 2934 accusativus
922 2881 1026 2933 autem
1049 2879 1177 2951 propter
1200 2871 1389 2931 infinitivum

214 2985 300 3036 ortus
325 2984 374 3037 est
398 2978 505 3037 eodem
528 2980 618 3038 modo
636 2987 728 3056 atque
745 2987 815 3057 post
831 2983 958 3040 verbum
974 2980 1072 3061 λέγειν
1089 2980 1264 3055 similiaque
1282 2998 1386 3038 accus.

214 3106 281 3144 cum
305 3083 359 3144 inf.
390 3105 451 3144 non
479 3106 549 3145 raro
573 3089 715 3162 sequitur
739 3089 797 3167 (ex.
822 3108 867 3165 gr.
894 3089 944 3148 Αἱ.
973 3090 1066 3148 1047.
1114 3088 1161 3146 El.
1188 3089 1262 3164 233,
1290 3084 1385 3144 1456.

215 3190 251 3250 Ο.
277 3192 316 3250 R.
345 3193 439 3252 1381.
476 3192 528 3252 Tr.
556 3195 627 3253 137.
663 3194 744 3252 Phil.
773 3196 857 3272 101),
883 3196 964 3253 unde
980 3194 1025 3271 fit,
1044 3201 1078 3254 ut
1094 3198 1126 3254 in
1142 3195 1247 3254 verbis
1264 3192 1387 3254 ἐννέπω

214 3321 277 3359 σε-
295 3338 308 3347 -
325 3299 470 3379 ἐμμένειν
504 3299 581 3359 insit
615 3301 737 3362 ἐννέπω
766 3304 826 3363 σοί
846 3325 880 3363 σε
897 3341 910 3351 -
928 3341 940 3351 -
958 3302 1110 3383 ε’μγιένειν,
1135 3323 1253 3379 quare
1278 3312 1389 3384 aperta

214 3411 370 3464 structura
404 3404 447 3464 fit.
496 3405 585 3477 Quod
620 3407 837 3467 Schneidewin
871 3411 903 3466 in
939 3411 1009 3469 adn.
1038 3410 1067 3469 h.
1097 3411 1116 3469 l.
1147 3410 1223 3470 dicit
1247 3413 1387 3473 dativum

213 3533 269 3589 pro
295 3513 472 3572 accusativo
496 3519 620 3590 poetam
643 3517 795 3593 posuisse,
820 3536 859 3575 ne
883 3517 1082 3594 perticipium
1106 3537 1175 3576 cum
1197 3520 1389 3597 praecedenti

214 3619 269 3700 ἐμέ
304 3618 552 3702 conjungeretur,
582 3641 688 3680 verum
712 3622 770 3682 hoc
795 3642 865 3682 esse
890 3623 991 3682 credo.
1039 3623 1155 3684 Dubito
1180 3632 1290 3706 tamen,
1314 3647 1388 3687 num

214 3727 315 3785 sciens
350 3726 547 3802 prudensque
581 3734 673 3806 poeta
707 3729 847 3788 dativum
874 3732 1024 3807 posuerit,
1054 3752 1090 3790 ac
1113 3752 1174 3791 non
1197 3738 1308 3809 sponte
1331 3733 1387 3794 ille

215 3853 305 3892 casus
329 3853 366 3892 ex
389 3834 498 3894 intimo
523 3837 623 3895 animo
648 3839 714 3916 ejus
737 3834 911 3896 defluxerit.
948 3837 1028 3897 Nam
1047 3840 1304 3916 perspicuitatem
1319 3842 1388 3919 ipsa

286 4095 307 4157 ¹)
338 4098 420 4158 Quod
448 4099 596 4150 Dindorfio
626 4106 743 4152 auctore
773 4102 934 4168 complures
964 4105 1088 4152 editores
1113 4121 1138 4154 v.
1159 4106 1210 4153 812
1231 4105 1386 4171 ejecerunt,

214 4188 306 4250 magis
331 4194 439 4237 temere
459 4205 545 4252 quam
565 4191 745 4240 considerate
767 4207 815 4240 eos
835 4194 929 4255 egisse
950 4208 1061 4243 censeo,
1099 4192 1172 4242 Nam
1192 4199 1221 4242 et
1241 4197 1386 4245 sententie

214 4277 324 4338 optime
352 4283 396 4326 est
424 4307 456 4313 —
485 4278 625 4329 festinato
649 4283 773 4330 maxime
793 4296 864 4345 opus
885 4288 936 4331 est.
957 4298 1022 4331 nem
1043 4283 1104 4331 vita
1124 4285 1220 4349 agitur
1240 4313 1272 4322 -·
1292 4300 1385 4350 neque

214 4370 361 4416 structura
381 4367 537 4434 quidquam
557 4368 740 4421 difficultatis
759 4371 855 4423 habet.
