3210 4912
1234 268 1275 324 65

149 428 329 510 χαρίζεσθε)
355 430 455 487 altera
480 428 647 504 antecedit,
674 427 771 486 altera
792 428 946 502 sequitur,
965 426 1046 501 quod
1063 432 1165 485 tamen
1181 427 1321 504 equidem

149 557 209 595 uon
244 537 322 606 satis
356 556 426 604 esse
462 554 583 608 censeo,
621 554 675 592 cur
698 535 955 610 hocseparatum
982 534 1106 609 aliquod
1129 553 1228 610 genus
1252 541 1333 607 esse=

150 648 304 721 putemne,
330 643 413 717 quod
437 641 557 700 Ziemer
580 640 649 699 vult
675 641 749 719 (Str.
774 661 845 718 pag.
875 642 945 699 130.
972 640 1027 699 cfr
1050 640 1156 699 Kiihn.
1179 634 1320 719 11'44J).

151 751 309 808 Praeterea
345 748 626 823 quomodocumque
662 747 728 805 haec
763 767 815 806 res
851 767 885 805 se
922 747 1027 821 habet,
1051 747 1124 805 mihi
1149 747 1242 806 liceat
1265 748 1323 806 hoc

150 858 218 916 loco
244 856 282 914 de
307 855 460 932 ejusmodi
485 855 578 913 rebus
601 874 701 931 pauca
723 852 873 932 proferre.

240 979 360 1036 Prioris
394 979 518 1054 generis
538 977 718 1054 ,exemplum
747 977 1004 1036 enantibus
1029 977 1138 1057 ψυχὴν
1161 979 1199 1040 ἐν
1221 981 1323 1060 τάφῳ

151 1085 338 1166 κατῴκισας,
373 1087 426 1144 ubi
454 1085 497 1151 εἰς
519 1085 621 1163 τάφον
644 1090 855 1161 exspectatur,
881 1083 938 1142 sed
962 1085 1034 1158 quia
1057 1085 1096 1142 de
1120 1091 1269 1161 perpetua
1293 1084 1323 1142 in

77 1228 80 1233 ⁴
153 1193 319 1272 sepulchro
344 1193 581 1252 commoratione
605 1197 699 1268 poeta
724 1193 884 1268 cogitavit,
910 1192 942 1252 ἐν
957 1191 1050 1270 τάφῳ
1066 1193 1219 1268 provenit.
1254 1191 1326 1250 Alia

154 1300 292 1375 exempla
316 1307 403 1357 sunt:
428 1299 552 1375 Fragm.
580 1300 643 1357 300
667 1297 799 1376 ὄρνιθος
821 1293 906 1380 ἦλθ’
934 1298 1104 1377 ἐπώννμος
1123 1295 1272 1376 πέρδικος
1287 1299 1326 1359 ἐν

155 1406 283 1473 κλεινοῖς
303 1404 484 1485 Ἀθηναίων
507 1407 644 1488 πάγοις.
681 1404 716 1463 O.
742 1404 782 1463 R.
809 1408 871 1463 656
897 1425 924 1465 ε,
945 1406 984 1466 ἐν
1008 1406 1101 1486 αἰτίᾳ
1123 1404 1237 1484 βαλεῖν,
1272 1404 1326 1463 Ofr

157 1514 207 1572 Tr.
232 1514 275 1571 40
300 1533 323 1570 ε.
349 1511 432 1572 ὅπου
467 1512 603 1592 βέβηκεν
628 1548 669 1554 --
695 1511 844 1570 adverbia
871 1512 932 1570 loci
955 1512 1005 1576 hic
1028 1512 1103 1570 mihi
1126 1512 1222 1571 liceat
1247 1533 1326 1570 com-

155 1621 249 1697 plecti
275 1655 314 1662 —
341 1620 379 1678 de
403 1639 463 1694 quo
488 1619 555 1677 loco
578 1619 660 1678 Jebb
684 1618 776 1677 dicit:
804 1619 926 1697 ιιὅπου,
950 1627 1004 1676 not
1028 1619 1110 1689 o'uoa·
1132 1621 1216 1700 since
1232 1621 1327 1700 βέβη-

123 1729 126 1736 '
155 1750 210 1788 κεν
245 1726 376 1802 implica,
410 1728 438 1784 is
467 1729 566 1784 now.“
616 1724 665 1786 El,
694 1727 778 1783 1476
804 1745 828 1783 s.
854 1726 893 1787 ἐν
917 1727 1143 1808 ἀρκυστάτοις
1165 1727 1326 1792 πέπτωκα.

157 1832 193 1892 0.
220 1831 253 1890 c,
281 1834 319 1890 19
344 1831 433 1893 nora
457 1832 590 1911 κάμψιν
613 1833 673 1893 αα
696 1833 836 1914 παραυ.
879 1832 929 1890 rr.
955 1835 1019 1890 are
1043 1833 1187 1904 καθέζετ’
1213 1835 1251 1896 ιν
1272 1825 1327 1912 ’με-

156 1962 252 2002 οοισιν
276 1941 506 2021 εὐνατηρίοις.
554 1939 615 1998 Sed
640 1939 708 1997 haec
733 1941 810 1997 satis
835 1945 917 1997 sunt.

245 2044 351 2104 Etiam
373 2047 405 2103 in
430 2047 761 2143 contrariamxpartem
785 2046 830 2121 lit,
856 2052 890 2102 ut
913 2045 984 2121 post
1008 2049 1102 2105 verba
1126 2047 1281 2122 manendi,
1303 2051 1329 2105 si

156 2153 200 2211 ita
236 2153 338 2212 dicere
374 2152 455 2228 licet,
486 2141 678 2211 adverbialia
702 2158 884 2228 sequantur,
909 2173 978 2227 quae
1004 2153 1043 2211 ad
1067 2155 1161 2212 verba
1186 2155 1328 2213 movendi

156 2261 322 2338 pertinent.
372 2259 460 2317 Talia
483 2259 622 2336 exempla
645 2269 733 2318 sunt:
771 2257 806 2317 Ο.
832 2258 865 2317 O.
894 2261 977 2318 1263
1002 2261 1129 2339 πάρεστι
1154 2258 1270 2344 δεῦρο,
1291 2261 1329 2320 de

158 2387 216 2448 quo
248 2367 313 2443 jam
347 2365 424 2424 nihil
457 2387 534 2443 opus
571 2381 619 2425 est
654 2366 767 2425 dicere.
816 2366 852 2425 Ο.
879 2365 912 2425 Ο.
939 2368 980 2424 23
1010 2369 1094 2429 ὅποι
1121 2368 1329 2448 καθέσταμεν.

160 2473 195 2533 Ο.
220 2473 254 2532 Ο.
281 2474 344 2531 335
370 2474 400 2533 οῖ
424 2472 453 2533 δ’
479 2472 677 2556 αὐάόμαιμοι
700 2480 768 2534 ποῖ
788 2474 903 2533 νεανίαι
923 2479 1045 2545 πονεῖν,·
1062 2475 1115 2532 ubi
1131 2478 1330 2534 mutationem

159 2580 299 2640 inutilem
334 2590 419 2656 puto.
467 2580 626 2638 Praeterea
662 2581 918 2654 constructionem,
955 2580 1056 2654 qualis
1092 2592 1140 2639 est
1168 2582 1210 2649 εἰς
1233 2583 1330 2644 τόπον

159 2692 309 2765 παρεῖναι,
344 2686 376 2743 in
413 2687 592 2745 Graecorum
626 2705 767 2745 sermone
801 2688 1015 2746 usitatissimae
1045 2694 1143 2762 erant,
1173 2710 1241 2762 quaa
1270 2688 1331 2747 fuit

63 2822 65 2827 v
163 2813 266 2869 causa,
302 2814 356 2852 cur
384 2813 512 2852 romana
535 2798 629 2851 aetate
653 2794 694 2860 εἰς
718 2813 786 2850 cum
811 2813 874 2851 acc.
901 2792 1081 2852 confusione
1105 2801 1332 2854 structurarum

160 2920 215 2978 pro
238 2901 272 2962 ἐν
296 2922 365 2959 cum
389 2901 452 2960 dat.
478 2920 559 2977 saepe
583 2887 786 2977 usurparetur
811 2900 881 2978 (cfr
905 2900 1066 2959 Meisterh.
1091 2923 1161 2979 pag.
1189 2905 1260 2976 176,
1279 2904 1330 2977 22,

160 3009 212 3066 Fr.
237 3008 331 3067 Blass
355 3008 409 3066 Gr.
436 3007 529 3068 Neut.
554 3007 679 3067 Griech.
706 3010 758 3081 39,
784 3011 802 3066 3
828 3009 854 3065 a
880 3010 931 3083 25,
958 3010 976 3065 2
1001 3009 1027 3065 a
1053 3010 1097 3085 3),
1129 3008 1211 3084 quod
1243 3028 1332 3086 prop-

162 3122 249 3174 terea
277 3134 487 3186 commemoro,
517 3117 591 3188 quia
623 3115 715 3191 paulo
740 3113 822 3172 iufra
848 3115 886 3173 de
911 3114 971 3172 alio
996 3116 1085 3190 quasi
1111 3115 1332 3174 obdurescente

162 3242 219 3281 usu
243 3224 496 3300 praepositionum
521 3228 553 3281 et
577 3222 793 3280 adverbiorum
819 3243 917 3298 agam.

250 3329 335 3387 Alibi
373 3328 551 3388 adverbiale
579 3328 688 3404 locum,
718 3329 800 3386 unde
825 3329 998 3404 subjectum
1023 3331 1097 3387 exiit
1121 3350 1144 3387 s.
1172 3331 1257 3406 abiit,
1284 3351 1332 3389 ex·

131 3489 134 3494 .
163 3437 277 3514 primit,
314 3439 395 3494 sicut
430 3437 505 3494 Ant.
534 3438 614 3493 1181
653 3436 693 3496 ἐκ
734 3431 907 3516 δωμάτων
946 3435 1041 3514 πάρα.
1099 3418 1333 3514 ὃίῐαίἰίἐαρὶα·

163 3527 290 3600 nationi
326 3543 417 3601 credo
455 3544 640 3619 scripturam
676 3542 791 3599 codicis
826 3542 872 3599 La
901 3543 1031 3600 retineri
1055 3562 1146 3619 posse
1172 3543 1222 3602 Tr.
1251 3546 1334 3602 1276

163 3648 270 3709 λείποι·
305 3648 388 3728 ,ιιηὸὲ
416 3649 463 3717 ού,
497 3649 644 3727 παρθέν’,
680 3643 740 3709 ἀπ’
779 3649 901 3726 οἴκων,
938 3668 1005 3722 quae
1040 3648 1156 3706 locutio
1180 3670 1247 3708 meo
1271 3654 1336 3726 qui·

166 3755 237 3813 dem
274 3755 391 3831 judicio
427 3755 521 3813 tacile
555 3755 737 3814 confusione
767 3756 839 3812 oriri
864 3757 967 3830 potuit
990 3775 1027 3813 en
1050 3755 1094 3836 μὴ
1119 3756 1320 3817 λείποι-η

166 3864 261 3924 οἴκοι
296 3872 327 3920 et
359 3864 449 3923 ἕπου
485 3861 537 3921 καὶ
567 3860 604 3922 οὺ
635 3861 689 3921 ἀπ’
714 3863 819 3923 οἷ’κιον.
866 3861 977 3919 Nauck
1003 3862 1079 3919 dicit
1103 3863 1188 3921 illum
1213 3886 1336 3924 versum

167 3972 288 4028 omuino
332 3971 491 4027 sententia
531 3989 636 4027 carere
677 3977 832 4042 totumque
872 3970 970 4026 locum
1011 3989 1078 4026 curn
1112 3970 1182 4029 aliis
1218 3973 1337 4032 criticis

168 4075 376 4152 compluribus
415 4075 528 4134 falsum
566 4095 635 4134 esse
674 4081 775 4151 putat.
832 4075 978 4149 Plerique
1014 4078 1118 4134 varias
1152 4081 1337 4139 mutationes

168 4182 314 4241 inferunt.
352 4219 393 4225 -
430 4183 502 4240 Alia
538 4182 675 4257 exempla
704 4189 790 4239 sunt:
820 4183 893 4238 Ant.
920 4186 983 4239 §utu
1008 4184 1104 4264 παρὰ
1129 4183 1162 4243 δὲ
1185 4194 1338 4248 κυανεᾶν

169 4287 350 4352 σπιλάδων
385 4289 476 4349 ἀκταὶ
510 4288 686 4366 Βοσπόριαι
724 4287 833 4359 (εἰσιν),
871 4289 950 4363 quod
976 4288 1112 4347 Dindorl'
1136 4290 1286 4366 explicat:
1311 4297 1338 4352 si

169 4399 240 4471 quis
277 4399 315 4455 ab
352 4397 488 4472 Cyaneis
523 4395 752 4472 progrediatur.
802 4395 947 4453 Incertus
972 4402 1073 4453 tamon
1098 4397 1147 4454 hio
1170 4397 1256 4457 locus
1281 4414 1337 4460 est.

1288 4510 1304 4553 li
