3210 4912
655 1492 942 1580 Praefatio

301 1801 478 1876 Aliquando
502 1800 565 1877 jam
593 1801 701 1860 multis
726 1803 814 1860 annis
839 1801 949 1860 abhinc
973 1799 1048 1859 mihi
1071 1802 1103 1858 in
1127 1807 1262 1859 mentem
1285 1803 1381 1877 venit,

214 1945 410 2003 quamsaepe
435 1931 466 1983 et
495 1926 642 1984 audacter
666 1923 833 2002 Sophocles
859 1927 1025 1984 structuris
1049 1926 1080 1983 in
1106 1925 1248 2002 analogia
1271 1926 1383 2003 positis

214 2070 288 2110 usus
316 2056 408 2110 esset.
457 2049 648 2126 Tragoedias
671 2048 738 2126 ejus
763 2049 863 2109 denuo
888 2051 1001 2109 cursim
1023 2049 1145 2127 perlegi
1169 2058 1201 2108 et
1223 2066 1384 2108 numerum

211 2175 363 2253 ejusmodi
398 2177 661 2233 constructionum
696 2176 727 2232 in
763 2175 873 2233 charta
901 2176 1063 2251 exscripsi.
1110 2175 1227 2233 Postea
1255 2174 1296 2233 ad
1319 2174 1381 2233 Da-

211 2299 349 2358 nielsson
384 2298 466 2358 doct.
501 2297 574 2376 phil.
612 2305 643 2357 et
679 2299 757 2375 doc,
794 2300 846 2374 qui
870 2298 934 2375 jam
958 2305 1025 2356 tum
1048 2298 1233 2375 professoris
1257 2317 1383 2357 munere

211 2422 409 2502 fungebatur,
438 2424 518 2482 ueni.
565 2423 726 2482 Adnotata
754 2423 887 2500 ostendi,
912 2422 1044 2499 quaesivi
1074 2425 1111 2481 ab
1140 2443 1186 2500 eo,
1211 2443 1283 2481 num
1307 2423 1383 2498 quid

212 2567 250 2606 ex
283 2549 337 2607 illa
365 2568 399 2608 ra
427 2550 646 2624 investiganda
675 2548 750 2606 utile
774 2547 839 2606 fore
864 2550 1015 2607 crederet.
1064 2547 1238 2625 Respondit
1261 2568 1294 2606 se
1319 2567 1384 2606 cre-

212 2672 297 2732 dere.
345 2673 387 2731 Et
422 2693 483 2748 qua
517 2692 639 2751 semper
674 2679 723 2732 est
758 2674 959 2751 benignitate,
995 2671 1142 2730 nonnulla
1176 2673 1250 2730 mihi
1285 2673 1385 2730 suasit

213 2797 384 2873 librumque
408 2797 541 2855 Ziemeri
553 2794 578 2875 ¹)
605 2797 840 2857 commendavit.
878 2797 977 2868 Quem
995 2816 1062 2855 cum
1079 2795 1221 2873 legerem,
1240 2802 1272 2854 et
1287 2796 1384 2854 multa

212 2922 285 2979 mihi
321 2923 420 2998 magis
455 2935 667 3000 apparuerunt
694 2929 725 2980 et
749 2922 909 2981 consilium
932 2941 1033 2980 meum
1056 2920 1095 2978 de
1119 2920 1262 2994 analogia
1287 2920 1383 2978 disse-

212 3046 300 3105 rendi
335 3047 476 3123 dilatavi,
511 3049 557 3106 ita
592 3054 626 3105 ut
661 3053 767 3106 cetera
794 3065 917 3122 quoque
942 3047 1123 3122 syntecticae
1148 3044 1383 3104 assimilationis

211 3190 327 3248 genera
361 3173 393 3229 in
429 3173 671 3249 disputationem
706 3191 804 3230 meam
832 3173 1010 3249 reciperem.
1060 3170 1149 3241 Quod
1178 3178 1280 3228 autem
1303 3189 1384 3230 nova

213 3315 310 3370 neque
345 3296 442 3354 multa
477 3317 574 3372 neque
609 3317 721 3374 magna
742 3275 793 3354 *ex
828 3316 920 3373 opere
950 3314 1016 3354 meo
1044 3301 1223 3372 evenerunt,
1252 3295 1284 3352 id
1307 3300 1383 3372 puto

213 3421 343 3479 maxime
377 3423 409 3478 in
437 3441 535 3498 parva
563 3428 655 3497 atque
679 3420 882 3480 inexercitata
911 3420 1064 3480 facultate
1087 3439 1156 3478 mea
1178 3421 1322 3497 positum,
1347 3439 1384 3478 ex

212 3551 301 3622 parte
337 3551 438 3604 tamen
464 3545 496 3604 in
520 3566 566 3622 eo,
591 3546 674 3622 quod
698 3567 716 3604 a
740 3545 928 3605 doctissimis
952 3547 1029 3604 viris
1054 3546 1147 3603 etiam
1171 3549 1266 3618 atque
1290 3545 1405 3618 etiam·

212 3675 423 3746 pertractatus
459 3670 625 3748 Sophocles
661 3675 720 3729 cst.
767 3671 926 3729 Praeterea
962 3677 1031 3728 octo
1061 3667 1128 3727 fere
1158 3669 1227 3726 anni
1256 3672 1328 3744 post
1351 3666 1384 3724 id

215 3802 333 3871 tempus
368 3796 593 3871 praeterierunt.
641 3796 796 3863 Perversa
818 3795 873 3853 illa
899 3795 1002 3854 studia
1027 3793 1276 3870 conjecturarum
1291 3793 1384 3867 nugis

214 3918 396 3997 Sophoclem
423 3920 524 3996 ipsum
552 3922 641 3994 quasi
669 3940 706 3979 ex
729 3940 786 3979 sua
811 3921 899 3979 domo
924 3917 1110 3996 expellendi,
1134 3918 1246 3992 quibus
1270 3916 1384 3975 studiis

213 4063 268 4121 pro
303 4045 422 4102 viribus
450 4045 527 4102 meis
543 4046 736 4120 resistebam,
757 4044 822 4120 jam
844 4045 940 4102 multo
964 4045 996 4102 in
1019 4043 1128 4102 melius
1152 4048 1272 4101 mutata
1300 4048 1383 4100 sunt.

214 4169 383 4246 Sperabam
417 4175 519 4227 tamen
553 4170 729 4227 etiamnunc
765 4169 896 4244 aliquem
931 4188 969 4227 ex
1003 4168 1109 4226 libello
1144 4187 1212 4226 meo
1248 4165 1384 4224 fructum

305 4414 326 4482 ¹)
346 4416 493 4465 Hermann
509 4417 628 4465 Ziemer.
642 4415 945 4479 Juuggrarnmatische
960 4410 1147 4475 St1·eifziige².
1169 4413 1293 4476 (bilberg
1307 4412 1384 4461 1883.
