3210 4912
207 524 209 529 ’
268 530 369 596 XIX.
416 535 467 592 De
490 525 747 593 assimilatione
771 551 962 607 comprom.
988 537 1023 592 in
1048 537 1252 608 participiis.

185 768 188 773 ρ
260 715 293 755 α.
340 693 383 770 Ut
415 700 489 770 post
514 693 610 751 verba
633 692 755 751 sciendi
777 691 960 769 infinitivus,
985 695 1030 751 ita
1053 695 1250 769 participium
1274 702 1351 770 post

171 803 264 861 verba
289 799 413 858 dicendi
438 805 469 858 et
493 799 625 876 putandi
649 799 802 870 interdum
828 806 1008 876 usurpatur.
1058 800 1197 858 Verbum
1225 797 1347 883 ἀγγέλ-

170 904 244 969 λειν
268 906 362 964 etiam
385 906 543 967 insoluta
566 908 706 964 oratione
721 907 767 965 sic
784 908 976 964 construitur
990 903 1025 981 ¹);
1061 906 1121 967 Sed
1138 908 1220 984 apud
1236 914 1347 983 poetas

171 1015 369 1091 participium
404 1015 497 1071 etiam
521 1017 593 1089 post
618 1012 679 1071 alia
702 1014 798 1070 verba
822 1012 960 1090 irrepsit,
1009 1013 1161 1090 Exempla
1186 1013 1270 1090 apud
1293 1013 1347 1072 So-

170 1121 309 1197 phoclem
332 1121 399 1179 haec
423 1119 541 1178 inveni:
566 1120 614 1183 El.
641 1121 706 1178 676
729 1119 860 1180 θανόντ’
882 1117 1115 1200 Ὀρέστην-νῦν
1136 1119 1348 1181 rescinditis

171 1225 272 1311 λέγω.
320 1228 355 1286 Ο.
374 1226 408 1286 O.
429 1229 512 1286 1579
530 1248 554 1288 a.
577 1227 825 1306 ξιινιομοντάτιος
847 1225 907 1306 μέν
931 1228 971 1287 ἂν
994 1227 1117 1306 τύχοιμι
1140 1224 1241 1301 λέξας
1264 1225 1348 1288 Oidr'-

171 1357 254 1395 πουν
289 1333 441 1395 ὀλωλότα.
489 1333 523 1393 O.
549 1334 588 1395 R.
615 1335 679 1391 463
709 1353 743 1401 a.
763 1334 806 1401 τίς
841 1332 1029 1394 ὅντινα---
1064 1328 1143 1395 εἷπε
1169 1369 1207 1376 -
1233 1333 1345 1413 ἄρρητ’

172 1441 320 1520 ἀρρήτων
343 1440 512 1502 τελέσαντα.
554 1441 604 1499 Tr.
630 1442 692 1498 169
710 1460 734 1499 s.
760 1441 873 1503 τοιοῦτ’
899 1439 1032 1523 ἔφραζε
1046 1480 1058 1488 -
1074 1480 1086 1488 -
1104 1441 1288 1520 εῖμαρλιιένο.
1306 1477 1349 1483 -

171 1548 275 1606 Etiam
310 1545 452 1610 οἴεσθαι
488 1568 557 1606 cum
592 1549 758 1624 participio
778 1546 918 1623 junctum
944 1554 992 1605 est
1016 1547 1064 1605 El.
1090 1549 1155 1605 459
1180 1545 1265 1626 οἶμαι
1288 1545 1349 1626 μὲν

172 1653 238 1725 οὖν,
271 1653 359 1734 οἶμαί
379 1678 406 1714 τι
429 1655 567 1734 κάκείνῳ
589 1653 695 1734 μέλον.
742 1653 959 1712 Schneidewin
984 1655 1024 1712 ad
1047 1653 1143 1732 μέλον
1167 1653 1251 1712 infin.
1272 1651 1349 1714 sirm

171 1761 321 1838 intelligit-
355 1768 387 1820 et
422 1761 532 1820 laudat
561 1761 597 1820 Ο.
627 1761 661 1819 Ο.
693 1761 757 1819 653
792 1759 884 1823 τοῖσδ’
924 1761 1007 1821 ἔσται
1042 1759 1146 1840 μέλον.
1193 1760 1256 1818 Sed
1290 1760 1349 1816 hoc

173 1869 344 1945 exemplum
368 1868 445 1926 nihil
469 1868 610 1927 declarat
632 1869 691 1926 nisi
715 1886 807 1943 posse
831 1866 926 1946 μέλον
951 1886 1020 1925 cum
1043 1868 1137 1925 verbo
1157 1865 1234 1927 εἶναι
1247 1865 1348 1942 jungi,

173 1975 255 2050 quod
289 1974 391 2034 omnia
418 1976 584 2052 participia
607 1984 749 2052 possunt.
796 1973 875 2031 Mihi
899 1974 1024 2048 quidem
1047 1994 1155 2049 parum
1179 1972 1348 2031 verisimile

172 2083 297 2141 videtur
322 2082 457 2155 (irascos¹
483 2101 551 2162 cum
574 2082 656 2139 hunc
679 2100 804 2138 versum
827 2080 985 2157 audirent,
1002 2080 1099 2160 μέλον
1116 2080 1299 2157 simpliciter
1315 2085 1350 2136 ut

171 2189 373 2266 participium
395 2209 455 2246 non
481 2190 649 2265 accepisse,
675 2206 775 2262 neque
801 2189 866 2246 scio
892 2208 930 2244 an
947 2189 993 2244 ita
1009 2185 1085 2248 εἶναι
1103 2185 1271 2245 subaudire
1288 2205 1350 2243 non
1400 2205 1402 2210 ·

172 2297 265 2354 liceat
296 2296 412 2371 (Ruhn.
444 2294 573 2354 11'354
602 2296 693 2352 Anm.
720 2297 738 2352 2
763 2294 811 2370 f.).
860 2294 1004 2352 Ceterum
1039 2292 1348 2352 animadvertendum

173 2410 220 2460 est
243 2403 272 2459 h.
297 2402 318 2460 1.
344 2402 464 2463 οἴεσθαι
490 2403 528 2461 de
553 2423 671 2460 summa
695 2401 898 2478 persuasione
923 2401 995 2475 dici,
1020 2400 1104 2476 quod
1125 2421 1163 2458 ex
1180 2399 1350 2458 iteratione

174 2521 205 2566 et
239 2508 394 2585 pmticula
422 2506 479 2569 οὖν
509 2509 616 2567 addita
640 2515 778 2584 apparet.
826 2508 961 2565 Accedit
987 2508 1190 2582 quodetiam
1213 2508 1350 2586 νομίζειν

174 2615 339 2689 aliquando
365 2616 458 2673 etiam
482 2616 514 2672 in
542 2615 682 2691 pedestri
707 2588 848 2672 oratione
873 2635 942 2671 cum
966 2613 1134 2691 participio
1159 2616 1351 2671 construitur

174 2727 236 2799 (ex.
259 2743 304 2799 gr.
331 2718 411 2781 Xen'.
437 2722 497 2781 An.
523 2721 571 2779 VI
596 2723 631 2796 4,’
652 2723 707 2778 24.’
753 2719 808 2778 Ofr
833 2719 957 2778 Wolffii
983 2721 1053 2779 adn.
1079 2721 1108 2778 h.
1135 2722 1187 2797 u).

261 2826 295 2911 β.
343 2829 444 2887 Aliter
472 2848 505 2886 se
533 2848 583 2887 res
611 2829 716 2902 habet,
741 2830 768 2886 si
791 2836 863 2905 post
886 2826 1063 2904 hujusmodi
1087 2829 1183 2886 verba
1208 2827 1258 2899 ὡς
1280 2847 1350 2903 par-

174 2937 271 2994 ticula
301 2942 333 2994 et
360 2937 559 3014 participium
585 2943 769 3010 sequuntur,
794 2934 878 3009 quod
902 2953 939 2992 ex
964 2934 1113 3011 exemplis
1136 2933 1232 2992 facile
1258 2953 1350 3010 appa-

174 3045 265 3101 rebit.
313 3042 401 3101 Sicut
430 3042 481 3101 Tr.
510 3044 594 3101 1232
619 3042 665 3109 ὡς
694 3042 865 3120 έργοισείιον
888 3040 981 3103 οὐδὲν
1004 3037 1052 3102 ὧν
1076 3040 1158 3119 λέγω
1182 3040 1300 3119 θροεῖς,
1324 3041 1350 3097 si

175 3152 351 3208 accuratius
376 3151 506 3226 agimus,
531 3149 589 3207 hoc
612 3148 702 3207 modo
727 3147 911 3207 vertendum
931 3157 995 3206 est:
1021 3148 1157 3223 loqueris
1174 3149 1228 3222 ita,
1246 3152 1281 3204 ut
1298 3148 1350 3221 qui

174 3257 249 3314 nihil
274 3277 380 3315 eorum
404 3277 472 3333 quae
497 3256 567 3314 dico
591 3255 735 3314 facturus
760 3275 805 3313 es,
853 3255 935 3312 Item
958 3268 1029 3332 post
1044 3253 1143 3332 λέγειν
1161 3254 1197 3312 Ο.
1216 3253 1255 3311 R.
1275 3255 1350 3327 (325,

174 3365 284 3443 φήμας
307 3364 506 3444 προπέμπειν
530 3363 577 3421 ΕΙ,
606 3364 700 3421 1155.
748 3362 857 3436 Neque
875 3361 966 3419 aliter
981 3361 1030 3419 El.
1051 3362 1133 3419 1341
1152 3358 1296 3439 ἤγγειλας
1309 3399 1323 3408 -
1337 3399 1351 3408 -

175 3469 221 3535 ὡς
254 3470 438 3549 τεθνηκότα,
474 3472 531 3528 int.
568 3469 625 3550 ἐμέ
661 3468 831 3547 (suethiam
868 3468 911 3525 du
938 3468 995 3525 har
1018 3468 1192 3525 inberattat
1216 3468 1279 3543 mig
1303 3470 1351 3525 st-

176 3597 239 3634 sum
275 3575 411 3664 varandc
448 3576 534 3651 dud).
582 3575 766 3634 Consimiles
801 3574 861 3633 loci
893 3582 966 3631 sunt
996 3574 1031 3632 Ο.
1063 3574 1101 3630 R.
1132 3574 1195 3631 955
1225 3592 1261 3648 a,
1299 3571 1350 3630 Tr.

177 3684 250 3756 2811,
292 3682 371 3740 Phil.
409 3683 472 3739 ‘253
507 3684 533 3739 da
569 3684 644 3741 415.
696 3681 788 3739 Adde
824 3681 907 3739 Phil.
946 3681 1007 3738 ssi
1051 3679 1097 3747 ὡς
1124 3680 1210 3740 τοῦτ’
1236 3679 1352 3740 ἐπίστω

177 3789 315 3870 ι’λριίιμειέ
354 3788 390 3849 οὗ
425 3787 564 3867 μέλλοντ’
603 3789 653 3858 ἔτι,
689 3790 742 3846 ubi
778 3787 862 3846 Jebb
898 3788 1085 3863 positionem
1118 3786 1281 3862 particulae
1306 3785 1353 3852 ὡς

177 3895 382 3955 associatione
408 3895 537 3952 (inarum
560 3894 706 3968 loquendi
730 3893 898 3952 formarum
922 3893 1068 3969 explicat.
1113 3893 1152 3950 In
1175 3891 1350 3968 hujusmodi

177 4003 325 4080 exemplis
359 4003 569 4062 accusativum
593 4000 682 4058 initio
707 4021 724 4058 a
748 4002 842 4059 verbo
866 4001 989 4075 regenti
1012 3998 1197 4076 pependisse
1221 4018 1352 4057 necesse

177 4120 236 4170 est.
284 4111 361 4168 Tum
386 4109 597 4168 accusativum
622 4128 691 4165 cum
715 4106 881 4184 participio
905 4108 951 4165 ita
972 4113 1169 4182 acceperunt,
1192 4107 1283 4180 quasi
1299 4104 1352 4162 ille

268 4269 288 4325 ι)
318 4267 457 4331 Exl¹lrlpia
478 4267 553 4330 apuli
573 4264 757 4330 Sopilocilllll:
778 4264 822 4314 El.
842 4265 1033 4323 1143’()ρέοτην
1047 4269 1144 4323 ἀγγεῖλαι
1157 4269 1209 4322 βίον
1225 4269 1352 4310 λελοιπότα.

178 4357 220 4407 iii.
243 4359 318 4408 1452.
347 4359 392 4408 Tr.
415 4359 455 4407 723.
