3210 4912
262 265 305 322 40

307 428 336 485 2.
381 424 591 483 Accusativus
615 425 842 499 sipurflculiouc
868 429 1028 499 cognatus.
1072 422 1123 481 Ad
1148 422 1206 481 hoc
1229 441 1338 499 genus,
1363 423 1390 480 si

217 533 373 590 recentius
397 537 455 606 est,
477 530 563 606 ,quod
586 550 641 607 pro
667 540 749 589 certo
775 529 930 588 affirmare
953 550 1023 588 nou¹
1039 530 1146 604 ausim,
1164 529 1389 606 simplicissimo

218 640 434 714 compromisso
459 639 613 696 transitus
637 636 682 695 fit.
730 637 817 696 Siout
842 655 879 694 ex
902 635 1043 717 πόλεμον
1058 635 1213 715 πολεμεῖν,
1231 635 1391 714 στρατείαν

218 745 401 824 στρατεύειν,
438 746 464 802 si
499 746 581 802 inter
615 764 649 802 se
685 745 891 820 associantur,
927 741 1076 802 facillime
1110 744 1208 801 oritur
1235 738 1390 824 πόλεμον

217 853 414 934 στρατεύειν
440 850 575 927 (Thura).
623 850 665 908 Et
689 851 716 909 si
741 849 968 925 antiquissimis
993 850 1184 926 temporibus
1209 853 1308 907 ortum
1331 853 1389 926 est,

218 957 270 1016 vix
306 964 410 1016 tamen
443 957 580 1015 dubitari
608 964 721 1034 potest,
751 958 823 1032 quin
848 960 880 1015 et
903 957 934 1013 in
959 957 1016 1014 hac
1041 955 1147 1039 classe,
1167 962 1198 1014 et
1221 957 1250 1012 in
1276 956 1390 1013 ceteris

217 1065 349 1138 singulis
378 1085 452 1123 usus
483 1064 633 1140 analogiae
661 1065 691 1123 vi
716 1063 864 1141 paulatim
888 1050 1045 1140 serpserit,
1071 1063 1267 1138 ‹ruamcbrem
1291 1076 1392 1120 meum

217 1164 264 1231 est
288 1172 397 1230 dehis
421 1173 515 1230 robus
539 1190 641 1246 agere.
689 1156 850 1228 Praeterea
874 1169 905 1226 in
929 1170 986 1228 hoc
1010 1189 1124 1244 genere
1141 1174 1244 1245 potest
1260 1167 1338 1244 lieri,
1356 1176 1391 1225 ut

212 1280 300 1337 notio
326 1280 495 1336 accusativi
518 1296 612 1353 prope
637 1296 724 1351 aeque
749 1275 812 1333 late
838 1283 930 1351 atque
955 1278 1039 1334 notio
1065 1277 1152 1334 verbi
1174 1283 1289 1352 pateat,
1308 1277 1390 1334 sicut

211 1387 249 1456 ,in
284 1384 432 1462 example,
469 1383 550 1459 quod
580 1382 642 1460 jam
680 1381 781 1440 attuli.
830 1383 895 1440 Aut
929 1382 984 1440 illa
1017 1384 1249 1460 angustioribus
1277 1369 1413 1440 linibus¹

218 1513 308 1567 quam
341 1492 407 1549 haeo
436 1489 673 1567 circumscripta
697 1496 755 1565 est,
781 1500 816 1547 ut
840 1489 890 1548 Tr.
920 1492 980 1547 150
1006 1491 1145 1573 ἀγῶνας
1167 1487 1280 1564 ἐξιών.
1329 1489 1391 1548 sed

218 1605 379 1675 separatas
404 1600 525 1675 species
549 1616 664 1674 ponere
690 1602 721 1654 et
746 1594 875 1654 difficile
899 1603 1026 1673 propter
1050 1597 1185 1656 incertos
1208 1602 1239 1655 et
1255 1595 1390 1655 lubricos

216 1704 294 1764 fines
324 1713 373 1763 est
396 1725 496 1780 neque
522 1722 597 1761 sane
621 1703 748 1761 multum
772 1703 907 1779 prodest.
955 1703 1065 1761 Potius
1089 1705 1150 1761 vim
1173 1705 1335 1762 verborum
1359 1704 1389 1761 in

218 1812 368 1890 exemplis
400 1810 596 1889 proferendis
625 1811 784 1887 spectabo,
810 1812 853 1868 ita
878 1816 912 1867 ut
938 1831 984 1884 ea,
1010 1829 1077 1884 quae
1102 1809 1183 1868 idem
1208 1809 1271 1869 fere
1296 1811 1390 1887 signi-

217 1918 319 1994 licent,
344 1921 425 1975 inter
448 1938 481 1976 se
507 1916 699 1993 conjungam.

312 2027 424 2084 Verba
444 2026 542 2084 euladi
577 2030 603 2083 ct
639 2026 792 2083 mouendi.
839 2023 918 2080 Phil.
956 2025 1041 2080 1410
1075 2021 1160 2086 ὁδὸν
1187 2026 1233 2107 ἢν
1261 2021 1391 2086 στέλλει

220 2131 338 2210 (med).
386 2132 466 2190 Phil.
492 2133 550 2189 011
583 2130 637 2191 τὸν
660 2127 775 2192 πλοῦν
799 2126 928 2192 στελεῖν
954 2128 1065 2208 (intr).
1112 2130 1163 2188 Ai.
1195 2131 1274 2189 1045
1299 2130 1390 2192 τόνδε

216 2235 332 2300 πλοῦν
365 2234 580 2319 ἐστειλάμην.
625 2236 705 2295 Phil.
745 2238 830 2295 1037
866 2234 1104 2299 στόλοντόνθε
1127 2234 1286 2299 πλεῦσαι.
1334 2237 1384 2295 Tr.

218 2347 281 2404 502
317 2344 372 2405 τὸν
406 2351 556 2423 πατρῷον
592 2340 716 2405 στόλον
751 2342 808 2414 ξὺν
827 2341 983 2423 Ἡρακλεῖ
1011 2345 1181 2426 ἑσπόμην.
1207 2380 1246 2386 -
1272 2344 1321 2401 Αἱ.
1348 2345 1389 2400 42

216 2450 304 2530 τήνδ’
339 2452 548 2532 ἐπεμπίπτει
581 2447 696 2532 βάσιν.
725 2450 795 2508 -Ττ,
827 2452 889 2509 330
918 2456 973 2511 τοῦ
1008 2474 1048 2531 με
1082 2450 1169 2530 τήνδ’
1205 2451 1391 2532 ἐφίστασαι

216 2554 321 2639 βάσιν
352 2557 416 2635 (Sic
445 2557 726 2617 Schneid.-Nauclr.
763 2558 844 2616 Jebb
874 2560 1032 2633 ceterique
1058 2557 1147 2615 aliter
1171 2556 1270 2615 locum
1294 2555 1390 2632 expli-

218 2666 314 2741 cant).
411 2666 461 2724 ni.
491 2667 556 2723 287
591 2662 738 2740 ἐξόδους
772 2667 892 2747 ἕρπειν
924 2665 1026 2732 κενάς.
1074 2664 1124 2722 Tr.
1157 2665 1218 2721 150
1253 2665 1392 2746 ἀγῶνας

216 2770 330 2847 ἐξιών.
378 2773 428 2830 Tr.
455 2774 517 2831 500
543 2769 698 2854 ἐξῆλθον
722 2767 822 2834 ἄεθλ’
850 2773 1009 2854 ἀγώνων.
1054 2770 1120 2830 cfr.
1144 2771 1240 2830 Thuc.
1264 2772 1280 2828 Ι
1303 2771 1389 2844 15,2

217 2878 377 2959 ἕκὸήμους
412 2879 628 2957 στρατείας--
645 2879 784 2959 ἐξῄεσαν,
815 2916 856 2922 --
892 2879 942 2937 Tr.
976 2881 1036 2937 155
1067 2876 1152 2941 ὁδὸν
1171 2877 1256 2958 -τὴν
1288 2877 1389 2939 τελεο-

216 2985 304 3045 ταίαν
323 3017 336 3030 -
353 2985 504 3066 ὡρμᾶτο.
552 2986 602 3044 Ai.
629 2986 691 3043 289
717 3006 740 3043 s.
770 2986 799 3045 τί
824 2984 909 3066 τήνδ’
936 2988 1102 3067 ἀφορμᾷς
1127 2985 1228 3062 (intr.)
1253 2987 1389 3063 πείραν.

218 3091 253 3149 0.
279 3090 313 3150 0,
343 3093 426 3150 1400
450 3111 473 3149 s.
500 3091 567 3152 οἷον
591 3092 669 3152 ὁδοῦ
692 3089 789 3165 τέλος
820 3089 1104 3174 ἀφωρμήθημεν.
1131 3127 1171 3134 --
1198 3091 1233 3150 0.
1260 3091 1299 3150 R.
1328 3093 1389 3149 102
1428 3099 1431 3106 ’

216 3196 404 3258 παλίσσντον
437 3194 603 3280 δράμημα
630 3201 783 3261 νωτίσαι.
832 3199 981 3257 Fortasse
1005 3198 1099 3256 etiam
1124 3199 1173 3256 Ai.
1200 3201 1242 3257 34
1265 3199 1390 3281 καιρὸν

216 3305 363 3387 ἐφήκεις
385 3325 440 3382 pro
465 3306 589 3383 καιρίαν
613 3306 719 3385 ἄφιξιν
743 3306 878 3386 ciprinum.
927 3305 1073 3363 Similiter
1094 3307 1143 3365 Αἰ.
1165 3307 1248 3362 1310
1265 3302 1390 3388 καιρὸν

216 3408 411 3494 ἐληλυθώς.
439 3449 478 3455 -
504 3413 621 3470 Eodem
657 3413 746 3470 modo
783 3413 876 3470 credo
913 3413 1032 3487 aliquos
1065 3411 1160 3489 locos,
1191 3413 1251 3470 ubi.
1271 3411 1389 3488 nuptiis

213 3516 363 3594 jungendi
388 3520 470 3576 notio
495 3518 579 3593 insit,
605 3517 817 3595 explanandos
842 3539 922 3577 esse.
964 3518 1015 3577 Tr.
1045 3520 1127 3577 1227
1152 3525 1243 3580 τοῦτο
1266 3516 1389 3601 κήδευ-

216 3643 280 3686 σον
302 3621 420 3708 λέχος;
448 3646 518 3683 nam
542 3625 693 3706 κηδεῦσαι
717 3625 748 3683 in
772 3628 999 3683 matrimonium
1024 3625 1138 3683 (lucere
1162 3623 1317 3701 significat
1343 3627 1391 3703 (ut

216 3731 289 3789 Eur.
316 3731 409 3808 Hipp.
437 3733 513 3806 034)
541 3739 572 3790 et
595 3732 756 3805 vocabula,
775 3752 842 3807 queo
860 3732 932 3790 lecti
950 3733 1105 3790 notionem
1122 3734 1291 3808 continent,
1308 3751 1390 3809 saepe

188 3915 190 3919 .
216 3858 270 3914 pro
309 3841 459 3898 connubio
493 3844 694 3916 usurpantur.
741 3840 791 3898 Ai.
822 3842 883 3897 401
914 3838 949 3906 τὸ
978 3837 1034 3899 σὸν
1062 3835 1167 3922 λέχος
1199 3835 1389 3921 ξυνῆλθον.

216 3945 343 4004 Lobeok
379 3947 417 4004 ad
453 3947 481 4005 h.
519 3968 547 4005 v.
585 3954 743 4022 comparat
776 3945 872 4004 Thuc.
904 3946 920 4003 I
951 3948 969 4003 3
999 3945 1113 4025 ταύτην
1141 3945 1197 4025 τὴν
1232 3946 1391 4024 στρατείαν

216 4051 382 4132 ξυνῆλθον.
430 4054 510 4111 Item
536 4053 628 4111 credo
654 4051 706 4110 Tr.
730 4054 770 4111 27
789 4073 813 4111 s.
831 4049 934 4136 λέχος
952 4049 1105 4130 Ἡρακλεῖ
1117 4050 1223 4130 κριτὸν
1240 4049 1391 4126 ξυστᾶσα

218 4157 353 4236 (delecto
378 4159 427 4219 vel
452 4159 607 4234 exquisito
633 4161 785 4218 connubio
811 4140 878 4217 cum
902 4159 1041 4218 Hercule
1061 4159 1192 4237 juncta).
1233 4158 1297 4219 Ofr.
1315 4158 1388 4217 Eur.

132 4310 133 4314 ,
216 4265 309 4324 Herc.
336 4266 408 4325 Fur.
433 4268 472 4325 07
491 4287 516 4326 s.
541 4267 614 4346 κᾶμ’
640 4266 744 4328 ἔδωκε
767 4266 854 4328 παιδὶ
878 4274 935 4345 σῷ,
959 4267 1133 4348 ἐπίσημον
1156 4268 1275 4348 εὐνήν,
1295 4263 1390 4344 Ἡρα-

216 4373 285 4434 κλεῖ
305 4374 494 4444 ξυνοικίσας,
519 4375 559 4433 ad
584 4392 653 4451 quae
679 4373 889 4433 Wilamowitz
914 4373 1006 4433 dicit:
1034 4373 1206 4456 ι1ἒττίσημον
1230 4373 1324 4454 εὐνήν
1349 4375 1390 4431 ist
