3210 4912
1305 296 1347 352 55

214 454 298 513 tione
325 453 401 512 ’sich
425 475 464 512 an
490 461 587 512 etwas
612 454 751 513 kehren’.
792 455 911 512 Eodem
934 456 1024 513 modo
1049 456 1179 532 simplex
1203 456 1392 535 στρέφεσθαι

215 567 386 637 usurpatur
410 561 460 619 Αἰ.
489 562 583 635 1116,
608 580 707 635 neque
732 560 807 636 scic,
833 581 887 619 cur
912 560 946 620 Ο.
965 561 1004 620 R.
1027 563 1088 620 728
1105 564 1212 634 ποίας
1225 564 1395 644 μερίμνας
1497 628 1505 647 ·

213 667 302 728 τοῦδ’
342 668 583 749 ἀποστραφεὶς
622 666 726 746 λέγεις,
761 666 936 726 editoribus
973 668 1119 745 (Nauck,
1155 668 1249 741 Bell,
1285 668 1392 744 Mein,

214 773 376 852 Blaydes.)
414 780 533 832 tantum
558 773 742 832 emendandi
768 773 911 832 ardorem
935 774 1130 833 excitaverit.
1179 774 1281 832 Credo
1306 776 1393 848 equi-

214 880 284 939 dem
318 881 417 938 locum
454 880 636 956 simpliciter
660 879 809 956 explicari
834 886 866 939 et
888 900 980 957 posse
1005 887 1036 939 et
1061 882 1200 955 debere:¹
1215 901 1306 955 quam
1331 880 1393 939 sol-

214 987 405 1046 licitudinem
439 986 611 1063 respiciens
646 988 704 1045 hoc
740 986 838 1045 dicis?
884 987 994 1063 Neque
1020 990 1100 1046 enim
1124 976 1305 1064 praepositio
1329 987 1392 1048 ὑπό

214 1114 355 1171 magnam
389 1092 605 1151 difficultatem
641 1094 736 1152 habet
772 1093 843 1170 (Otr
879 1094 966 1170 lem).
992 1131 1033 1136 —
1064 1097 1102 1152 Iu
1136 1095 1244 1154 eodem
1279 1114 1392 1171 genere

215 1201 390 1278 ponendum
426 1207 474 1257 est
507 1201 682 1278 παριέναι,
707 1200 789 1274 quod
814 1220 881 1258 cum
906 1201 1042 1275 genitivo
1063 1200 1205 1277 junctum
1228 1207 1277 1259 est
1302 1199 1337 1259 Ο.
1357 1199 1391 1258 C.

218 1297 301 1364 1212
325 1312 388 1367 τοῦ
412 1308 555 1388 μετρίου
583 1309 716 1388 παρείς,
741 1307 813 1380 quia
837 1308 924 1364 notio
948 1308 1034 1373 verbi
1059 1306 1183 1386 ἀμελεῖν
1207 1310 1325 1365 subest.
1351 1343 1392 1349 —

214 1411 291 1471 Cum
326 1413 374 1470 his
409 1411 513 1470 verbis
550 1420 711 1487 cognatam
747 1415 808 1471 vim
844 1413 962 1471 habent
986 1416 1157 1490 composita
1179 1411 1394 1496 προταρβεῖν

217 1520 306 1597 (Ant.
332 1521 374 1577 83
390 1520 436 1599 μή
456 1541 520 1598 μου
536 1519 716 1600 προτάρβει.
751 1520 831 1578 Item
848 1520 898 1578 Tr.
918 1521 974 1596 88)
992 1528 1024 1590 et
1039 1517 1285 1603 ὑπερδεδιέναι
1303 1520 1391 1596 (Ant.

215 1628 257 1684 82
282 1625 493 1704 ὑπερδέδοικά
518 1608 597 1703 σου).
633 1625 696 1684 Sed
720 1627 760 1684 ad
784 1627 855 1685 illos
871 1626 1029 1703 genitivos
1047 1625 1229 1685 efficiendos
1246 1628 1393 1703 praeposi-

216 1734 316 1791 tiones
352 1732 499 1808 adjuvare
535 1739 702 1808 potuerunt
732 1731 802 1810 (cfr
830 1733 936 1791 Kuhn.
963 1734 998 1790 ΙΙ
1023 1735 1099 1806 428,
1125 1734 1154 1805 9,
1181 1733 1225 1807 3).
1274 1732 1393 1790 Eadem

215 1843 294 1899 ratio
320 1847 369 1898 est
393 1841 468 1898 Ant.
495 1841 559 1898 630
583 1838 704 1906 ἀπάτας
726 1838 845 1918 λεχέων
868 1837 1088 1923 ὑπεραλγῶν.
1136 1838 1286 1898 Nonnulli
1310 1838 1392 1899 ἀπά-

214 1970 270 2016 τας
294 1949 507 2005 accusativum
530 1945 610 2022 plur.
637 1945 745 2004 dicunt
769 1966 849 2019 esse,
875 1948 948 2021 quia
972 1946 1109 2004 doricam
1125 1947 1256 2004 formam
1271 1948 1303 2003 in
1321 1966 1392 2004 ana-

214 2066 330 2130 pastos
365 2054 532 2111 immittere
565 2052 673 2110 nolunt
707 2051 826 2128 (Dina,
852 2053 1014 2111 Teurnicr.
1062 2052 1174 2111 Nauck
1197 2052 1250 2113 ἀπ.
1273 2052 1393 2132 λεχέων

215 2161 361 2236 resecat).
410 2160 472 2218 Sed
500 2162 532 2217 in
562 2162 730 2235 anapaestis
756 2159 869 2217 doricae
893 2159 1001 2218 formae
1026 2160 1181 2217 interdum
1205 2164 1394 2236 usurpantur

217 2266 288 2346 (Ofr
317 2266 416 2325 Gerth
446 2267 562 2336 Quaest.
592 2265 629 2323 de
660 2265 779 2324 Graecae
809 2272 888 2343 trag.
914 2266 1051 2324 dialecto
1076 2287 1146 2343 pag.
1175 2267 1240 2344 71).
1288 2267 1329 2323 Et
1353 2265 1394 2323 ad

215 2375 402 2432 sententiam
437 2373 529 2432 credo
565 2373 754 2449 singularem
791 2375 942 2449 aptiorem
971 2393 1050 2432 esse.
1100 2373 1258 2430 Praeterea
1286 2372 1394 2430 eadem

215 2486 374 2538 structura
397 2480 503 2538 eodem
529 2499 622 2537 sensu
647 2479 721 2536 alibi
745 2480 901 2537 invenitur
926 2482 987 2556 (ex.
1013 2501 1059 2556 gr.
1086 2479 1160 2538 Eur.
1186 2480 1280 2556 Hipp.
1301 2480 1390 2554 260).

215 2587 323 2660 Neque
347 2594 451 2644 tamen
475 2585 643 2643 absurdum
668 2587 879 2643 accusativum
904 2605 973 2644 esse
994 2598 1079 2663 puto,
1102 2587 1243 2659 quoniam
1259 2584 1394 2663 ὑπεραλ-

216 2698 279 2772 χεῖν
304 2693 350 2750 sic
375 2692 457 2768 apud
481 2690 669 2768 posteriores
695 2691 886 2748 construitur
911 2699 943 2748 ot
967 2691 1098 2768 simplex
1122 2693 1250 2749 verbum
1274 2687 1392 2773 ἀλγεῖν

216 2798 299 2875 apud
334 2798 515 2875 Sophoclem
551 2818 619 2855 cum
650 2797 829 2855 accusativo
862 2797 1005 2874 jungitur
1039 2799 1089 2856 Αἰ.
1117 2799 1180 2855 790
1214 2799 1329 2875 πρᾶξιν
1353 2799 1392 2876 ἣν

216 2905 324 2986 ι’]’λγηά
362 2906 434 2985 ἐγώ.
460 2941 500 2947 -
527 2905 563 2964 Ο.
589 2905 628 2963 R.
655 2905 717 2963 233
743 2924 767 2962 s.
803 2905 859 2965 καί
890 2928 933 2972 τις
957 2907 976 2984 ι’)
1002 2901 1112 2986 φίλου
1137 2904 1242 2971 δείσας
1271 2903 1392 2963 ἀπώσει

195 3013 332 3079 ,τοῦπος
367 3014 386 3092 l)
421 3012 556 3094 χαὺτοῦ
590 3010 672 3073 τόδε.
721 3010 825 3069 Wolff
848 3019 940 3087 putat
964 3012 1067 3079 δείσας
1090 3012 1247 3088 genitivos
1271 3029 1392 3084 regere,

148 3184 154 3194 ,
216 3119 299 3194 quod
333 3119 414 3176 idem
438 3118 505 3176 iere
529 3119 634 3177 valeat
659 3125 750 3192 atque
774 3118 961 3198 κηδόμενος.
1010 3119 1100 3188 Quod
1124 3119 1198 3176 mihi
1221 3117 1306 3176 haud
1330 3116 1394 3174 dis-

215 3225 321 3302 plicet,
339 3246 523 3300 quamquam
539 3225 681 3301 plerique
698 3226 853 3301 genitivos
867 3245 935 3282 cum
949 3226 1043 3284 verbo
1057 3225 1177 3285 ἀπώσει
1190 3223 1336 3298 jungunt.
1352 3258 1392 3264 -

216 3332 266 3390 El.
295 3334 379 3389 1174
402 3337 460 3392 ποῖ
479 3328 596 3415 λόγων
617 3331 796 3412 ἀμηχανῶν
812 3331 899 3392 clito
914 3353 920 3390 :
935 3331 1050 3390 Kaibel
1067 3331 1145 3389 dicit
1162 3331 1336 3410 ἀμηχανεῖν
1360 3334 1395 3386 ut

216 3458 418 3514 synonymum
442 3438 573 3517 ἀπορεῖν
590 3458 658 3496 eum
674 3439 813 3513 genitivo
831 3445 1041 3496 constructum
1059 3456 1138 3495 esse.
1165 3436 1309 3493 (letarum
1327 3435 1395 3492 haec

217 3552 376 3602 structura
396 3548 459 3622 jam
484 3546 522 3601 ab
548 3543 709 3603 Herodoto
735 3544 879 3601 adhibita
903 3551 953 3602 est
977 3544 1005 3622 (I
1031 3546 1071 3601 δι’)
1089 3542 1303 3623 ἀμηχανήσεις
1319 3541 1393 3620 χρή-

215 3674 315 3730 ματος
340 3650 493 3727 στ’·δενός).
531 3650 592 3708 Sed
617 3652 806 3727 comparatis
832 3650 990 3727 exernplis‚
1016 3671 1084 3725 quae
1108 3652 1140 3707 in
1165 3646 1395 3707 commentariis

216 3756 398 3831 afferuntur,
416 3757 569 3815 vocabula
590 3762 647 3817 ποῖ
660 3756 765 3836 λόγων
778 3756 937 3833 jungenda
955 3776 1024 3814 esse
1040 3755 1242 3815 verisimilius
1258 3753 1393 3813 videtur.

304 3885 335 3947 γ.
382 3865 519 3921 Verbum
556 3863 696 3942 μετέχειν
734 3865 801 3920 sim.
841 3864 1013 3938 genitivum
1052 3863 1232 3938 partitivum
1271 3868 1393 3936 regunt.

216 3971 333 4029 Eodem
368 3991 461 4028 sensu
498 3969 650 4045 simplicia
685 3971 780 4028 verba
816 3970 910 4052 ἔχειν
947 3975 977 4026 et
1013 3971 1129 4049 νέμειν
1158 3987 1227 4025 cum
1256 3968 1394 4042 genitivo

212 4077 321 4153 juncta
345 4079 560 4135 inveniuntur:
588 4075 623 4133 Ο.
648 4076 686 4137 Β..
714 4078 779 4132 alc
802 4077 948 4156 χέρνιβος
972 4075 1085 4154 νέμειν,
1107 4095 1136 4131 v.
1156 4075 1218 4132 705»
1242 4077 1395 4152 μαντικῆς

216 4185 290 4264 ἕχον
324 4190 442 4264 τεχνῆς,
479 4182 561 4258 quod
596 4183 648 4240 vix
678 4201 955 4255 commemorarem,
985 4183 1044 4239 nisi
1067 4181 1178 4239 Nauck
1202 4182 1303 4255 priore
1328 4179 1394 4234 loco

216 4291 363 4370 χέρνιβας
387 4310 452 4347 cum
479 4289 687 4347 deterioribus
712 4287 872 4345 codicibus
896 4289 1076 4364 scripsisset
1099 4295 1132 4344 et
1156 4287 1195 4344 ad
1219 4307 1248 4344 v.
1277 4286 1337 4342 vot
1356 4285 1394 4341 de

217 4399 401 4471 integritate
415 4397 473 4455 lori
493 4397 661 4454 dubitaret.
688 4393 789 4452 Multa
807 4394 955 4469 ejusmodi
975 4394 1116 4470 exempla
1128 4394 1277 4450 habemus
1290 4392 1394 4449 Riihu.
