3210 4912
1243 259 1284 316 63

155 411 244 486 sequi
268 432 329 470 non
352 385 499 488 potuerit.
547 412 636 471 Siout
659 413 780 474 ὑπεῖναι
804 433 873 471 eum
897 414 1002 474 dativo
1018 413 1160 491 junctum
1177 424 1225 474 est
1240 416 1329 475 Dem.

156 518 272 576 XVIII
297 521 360 587 315
394 526 468 592 τοῖς
500 517 588 594 ζῶσι
619 524 714 581 πᾶσιν
748 520 856 581 ὕπεστί
887 545 930 590 τις
958 524 977 602 ἢ
1006 522 1123 583 τελείων
1139 525 1170 603 ,ἢ
1194 523 1332 585 ἐλάττων

155 624 278 704 φθόνος
303 626 421 704 (Κιϋρε
442 626 481 685 A.
507 625 544 684 S.»
562 627 615 702 48,
644 628 693 693 11,
722 626 802 705 11).=
834 628 876 685 Et
902 629 960 687 hoo
983 631 1085 706 ipsum
1109 632 1236 690 verbum
1261 652 1330 689 oum

110 810 112 815 μ
155 732 261 791 dativo
281 731 422 808 junctum
444 733 526 792 Jebb
552 731 644 792 affert
667 733 765 792 Hom⁸>
785 734 842 794 Od.
868 735 899 792 X
920 737 984 794 398
1006 743 1115 797 πᾶσιν
1139 735 1169 796 d’
1195 737 1331 816 ἱμερόεις

155 838 255 900 ὑπέδυ
280 840 360 918 γόος.

199 965 202 970 ·
245 942 275 1006 ὅ.
321 946 470 1005 Dativum
503 951 574 1021 post
601 946 774 1005 locutiones
801 949 989 1024 compositas
1012 948 1094 1007 idem
1119 949 1331 1024 significantes

144 1027 248 1127 'atque
273 1053 378 1125 verba,
402 1072 472 1126 quae
496 1051 634 1111 dativum
658 1059 778 1128 regunt,
804 1053 944 1112 adhiberi
967 1053 1165 1114 notissimum
1189 1063 1237 1114 est
1260 1055 1331 1133 (Cir

155 1158 261 1234 Krtig.·
281 1158 321 1216 A.
347 1158 377 1216 S.
403 1160 455 1234 48,
481 1160 511 1233 9,
539 1161 580 1233 1).
629 1158 691 1218 Sed
726 1163 760 1217 ut
794 1160 937 1237 plurima,
962 1162 1008 1219 ita
1031 1160 1071 1219 ad
1095 1162 1330 1240 intelligendum

155 1264 304 1324 facillima
339 1265 394 1323 illa
429 1265 570 1342 exempla
604 1271 687 1338 sunt,
724 1268 921 1340 quamobrem
944 1287 1046 1344 pauca
1068 1268 1158 1327 modo
1181 1289 1329 1346 promam.

157 1371 207 1430 Sia
235 1371 270 1430 Ο.
296 1371 331 1430 O.
357 1373 420 1430 975
456 1372 499 1440 εἷς
533 1377 639 1452 χεῖρας
673 1371 775 1452 ἦλθον
803 1377 918 1456 πατρί.
964 1375 1038 1432 Ant.
1072 1377 1132 1432 742
1163 1375 1213 1436 διὰ
1238 1376 1330 1457 δίκης

155 1478 214 1540 ι’ὼν
237 1481 352 1561 πατρί.
399 1477 624 1552 Usitatissimae
649 1479 696 1537 hae
720 1478 892 1538 locutiones
917 1490 999 1543 suut.
1043 1482 1149 1560 ,Magis
1170 1485 1339 1542 insolitum'

157 1584 309 1659 est-qued
319 1584 449 1660 legitur
474 1584 525 1644 Tr.
551 1587 613 1643 441
640 1606 665 1644 s.
690 1586 794 1668 ἔρωτι
818 1585 901 1654 ὅστις
922 1570 1135 1650 ἀντανίσταται
1151 1591 1194 1657 εἰς
1210 1597 1326 1671 χεῖρας,

156 1711 224 1766 quae
259 1691 407 1766 loquendi
442 1693 522 1750 ratio
557 1711 595 1750 ex
631 1692 751 1750 duabus
781 1695 946 1752 commixta
973 1695 1205 1756 videturesse:
1236 1699 1328 1778 ἔρωτι

156 1797 238 1865 ὅστις
260 1798 381 1878 ἔρχεται
405 1798 451 1866 εἰς
472 1804 635 1878 χεῖραςεῖ
659 1798 860 1878 ἔρωτιὸστις
883 1800 1102 1863 ἀντανίσταται.
1140 1802 1231 1864 Certe
1256 1805 1327 1867 ἀντ-

155 1905 310 1987 ανίσταται
343 1905 440 1962 solum
468 1907 548 1969 satis
577 1910 636 1967 est.
671 1942 712 1948 -
746 1906 844 1964 Aliud
869 1908 1040 1985 exemplum
1065 1922 1114 1968 est
1139 1910 1174 1969 0.
1200 1911 1238 1969 R.
1267 1914 1330 1970 783

156 2031 181 2072 s.
207 1993 393 2092 ’δυσφόρως
427 2010 505 2093 ἦγον
530 1994 697 2080 τοῦνειδος
730 2017 781 2096 τῷ
808 2011 967 2095 ’μεθέντα
996 2016 1049 2073 ubi
1075 2018 1208 2095 dativus,
1236 2021 1331 2093 “quia

154 2119 366 2195 praeeedentia
389 2121 485 2178 verba
507 2120 842 2179 irascendi-'notionem
869 2123 1043 2180 continent“
1064 2123 1247 2202 ¹(Dindorf).
1282 2126 1330 2184 Si-

154 2226 272 2286 militer
308 2227 344 2286 0.
371 2226 404 2286 O.
431 2229 494 2286 962
519 2226 654 2306 ,φόνους
683 2249 746 2310 μοι
763 2267 775 2276 -
794 2267 807 2276 -
826 2233 910 2289 -τοῦ
945 2235 1003 2290 σοῦ
1033 2229 1144 2310 ἀιῆκας
1173 2230 1329 2311 στόματος

157 2336 208 2414 (--
230 2334 400 2405 ὠνείδισας,
425 2333 599 2413 Tou'rnier).
647 2334 790 2411 Denique
820 2333 947 2395 afferam
977 2337 1012 2395 0.
1040 2337 1073 2395 O.
1102 2340 1163 2396 722
1187 2359 1211 2398 a.
1233 2336 1330 2402 ἀσσον

156 2442 275 2521 ἔρχεται
309 2439 426 2520 Κρέων
461 2439 511 2501 ὅὸ’
547 2442 643 2522 ἡμῖν,
679 2441 733 2499 ubi
757 2441 897 2518 Blaydes
923 2451 957 2501 ut
980 2444 1074 2523 ἡμῶν
1098 2444 1235 2521 legamus
1258 2466 1329 2522 pro÷

152 2549 244 2623 'ponit
271 2547 340 2624 (cfr
367 2547 503 2634 Nauakii
527 2546 625 2625 adn).
673 2547 734 2606 Sed
758 2548 812 2607 illa
836 2569 897 2607 non
921 2569 998 2625 opus
1023 2559 1071 2609 est
1095 2553 1275 2625 mutatione,
1301 2555 1328 2611 si

156 2653 280 2729 quidem
302 2652 400 2716 ἆσσον
423 2656 542 2734 ἔρχεται
565 2653 648 2712 idem
672 2661 765 2729 atque
788 2656 992 2734 προσέρχεται
1016 2657 1108 2716 valet.

242 2761 319 2820 Post
352 2758 519 2844 χαλεπῶς
553 2763 675 2843 φέρειν
710 2763 777 2819 sim.
815 2761 1082 2821 instrumentalem
1110 2763 1248 2822 dativum
1272 2786 1328 2841 pro

155 2869 335 2927 accusativo
370 2867 527 2925 interdum
562 2866 704 2926 adhiberi
727 2875 834 2927 notum
858 2875 907 2945 est
932 2867 1001 2946 (Ofr
1024 2870 1144 2928 Ziemer
1168 2870 1229 2929 Str.
1255 2892 1328 2948 pag.

154 2976 221 3053 98).
269 2974 452 3050 Exemplum
487 2974 635 3032 habemus
672 2974 751 3034 Phil.
792 2977 873 3032 1011
905 2995 928 3033 S.
961 2975 1112 3055 ἀλγεινῶς
1140 2977 1250 3056 (γέρων
1275 2973 1330 3049 οἷς
1418 2996 1423 3008 ·

154 3080 336 3160 ἐξήμαρτεν,
361 3080 414 3138 ubi
439 3080 590 3159 ἀλγεινῶς
610 3081 716 3158 φέρειν
734 3081 773 3139 ad
790 3082 875 3139 verbi
893 3081 1077 3160 ἀγανακτεῖν
1093 3083 1328 3143 similitudinem

154 3192 364 3245 constructum
389 3194 445 3245 est.

153 3450 262 3516 XIII.
303 3456 352 3514 De
376 3456 633 3514 assimilatione
656 3472 847 3541 comprom.
873 3457 908 3514 in
933 3458 1221 3529 praepositionum
1248 3473 1327 3515 usu.

243 3613 376 3673 Casibus
413 3614 566 3672 absolutis
596 3615 634 3672 de
661 3616 917 3691 praepositionum
942 3635 1000 3672 usu
1023 3634 1124 3690 pauca
1148 3612 1325 3690 adjungam,

153 3720 234 3794 quod
271 3740 306 3778 eo
341 3721 446 3796 potius
481 3721 539 3778 hoe
573 3720 640 3779 loeo
668 3719 790 3794 faciam,
820 3721 902 3795 quod
935 3722 1168 3797 praepositiones
1203 3722 1328 3779 casibus

154 3828 367 3903 supplemento
405 3833 498 3901 atque
534 3827 733 3903 explicationi
770 3835 852 3886 sunt.
900 3826 1003 3885 Primo
1029 3827 1201 3902 singularia
1225 3826 1329 3901 aliqua

152 3933 317 4010 proferam.
426 3934 429 3938 ’

242 4061 274 4100 α.
307 4041 371 4114 7Αἰ.
405 4041 490 4096 1030
517 4040 653 4120 ζωστῆρι
680 4036 846 4122 πρισάεὶς
862 4040 1000 4100 ἱππικῶν
1017 4037 1054 4113 ἐξ
1069 4038 1229 4118 ἀντύγωνε
1254 4063 1325 4118 ,τρι-

152 4146 239 4214 οάείς
262 4147 370 4205 eodem
393 4145 483 4204 modo
509 4151 602 4220 atque
627 4145 730 4213 δεθείς
755 4152 966 4205 constructum
987 4153 1045 4204 est.
1083 4145 1240 4216 Quomodo
1257 4166 1327 4204 ver-

153 4254 223 4310 bum
257 4253 342 4332 ττρίω
379 4252 418 4310 ad
453 4252 605 4329 ejusmodi
633 4253 694 4311 vim
718 4262 751 4310 et
774 4259 966 4310 structuram
990 4254 1175 4329 pervenerit,
1200 4253 1327 4311 Lobeok

152 4360 184 4416 in
206 4360 405 4418 adnotatione
423 4359 453 4419 h.
471 4380 499 4418 v.
517 4359 666 4436 praeolare
683 4361 818 4436 exponit,
837 4359 876 4418 ad
894 4358 981 4435 eujus
997 4362 1093 4418 verba
1109 4358 1186 4417 nihil
1203 4359 1326 4417 addam.
