<?xml version="1.0" encoding="UTF-8"?>
<!DOCTYPE html PUBLIC "-//W3C//DTD XHTML 1.0 Transitional//EN"
    "http://www.w3.org/TR/xhtml1/DTD/xhtml1-transitional.dtd">
<html xmlns="http://www.w3.org/1999/xhtml" xml:lang="en" lang="en">
 <head>
  <title>
</title>
<meta http-equiv="Content-Type" content="text/html;charset=utf-8" />
  <meta name='ocr-system' content='tesseract 3.04.00' />
  <meta name='ocr-capabilities' content='ocr_page ocr_carea ocr_par ocr_line ocrx_word'/>
</head>
<body>
  <div class='ocr_page' id='page_1' title='image "./deassimilatione00zegoog_0027.png"; bbox 0 0 3210 4912; ppageno 0'>
   <div class='ocr_carea' id='block_1_1' title="bbox 363 291 402 348">
    <p class='ocr_par' dir='ltr' id='par_1_1' title="bbox 363 291 402 348">
     <span class='ocr_line' id='line_1_1' title="bbox 363 291 402 348; baseline -0.026 0"><span class='ocrx_word' id='word_1_1' title='bbox 363 291 402 348; x_wconf 87' lang='grc'><strong>18</strong></span> 
     </span>
    </p>
   </div>
   <div class='ocr_carea' id='block_1_2' title="bbox 315 405 1491 528">
    <p class='ocr_par' dir='ltr' id='par_1_2' title="bbox 315 405 1491 528">
     <span class='ocr_line' id='line_1_2' title="bbox 648 405 656 428; baseline 0 0"><span class='ocrx_word' id='word_1_2' title='bbox 648 405 656 428; x_wconf 65' lang='lat' dir='ltr'><strong>D</strong></span> 
     </span>
     <span class='ocr_line' id='line_1_3' title="bbox 315 443 1491 528; baseline -0.003 -20"><span class='ocrx_word' id='word_1_3' title='bbox 315 450 421 527; x_wconf 80' lang='lat' dir='ltr'>explet</span> <span class='ocrx_word' id='word_1_4' title='bbox 444 451 502 507; x_wconf 91' lang='lat' dir='ltr'><strong>ita:</strong></span> <span class='ocrx_word' id='word_1_5' title='bbox 538 448 603 508; x_wconf 74' lang='grc' dir='ltr'><strong>ἀλλ’</strong></span> <span class='ocrx_word' id='word_1_6' title='bbox 631 447 690 528; x_wconf 72' lang='grc' dir='ltr'><strong>ἡδὺ</strong></span> <span class='ocrx_word' id='word_1_7' title='bbox 715 447 774 526; x_wconf 71' lang='grc' dir='ltr'><strong>γάρ</strong></span> <span class='ocrx_word' id='word_1_8' title='bbox 797 443 880 526; x_wconf 57' lang='grc'>1611)</span> <span class='ocrx_word' id='word_1_9' title='bbox 906 446 1008 526; x_wconf 77' lang='grc' dir='ltr'><strong><em>κτῆμά</em></strong></span> <span class='ocrx_word' id='word_1_10' title='bbox 1034 446 1105 521; x_wconf 77' lang='grc' dir='ltr'><strong><em>(ἔστι</em></strong></span> <span class='ocrx_word' id='word_1_11' title='bbox 1129 444 1163 505; x_wconf 85' lang='grc' dir='ltr'><strong>τὸ</strong></span> <span class='ocrx_word' id='word_1_12' title='bbox 1187 452 1303 526; x_wconf 72' lang='grc' dir='ltr'><strong><em>κτῆμα)</em></strong></span> <span class='ocrx_word' id='word_1_13' title='bbox 1329 451 1381 525; x_wconf 79' lang='grc' dir='ltr'><strong>1ης</strong></span> <span class='ocrx_word' id='word_1_14' title='bbox 1404 445 1491 524; x_wconf 79' lang='grc' dir='ltr'><strong><em>νίκης</em></strong></span> 
     </span>
    </p>
   </div>
   <div class='ocr_carea' id='block_1_3' title="bbox 245 552 1491 1589">
    <p class='ocr_par' dir='ltr' id='par_1_3' title="bbox 245 552 1491 1589">
     <span class='ocr_line' id='line_1_4' title="bbox 315 552 1490 646; baseline -0.008 -29"><span class='ocrx_word' id='word_1_15' title='bbox 315 556 418 636; x_wconf 74' lang='grc' dir='ltr'><strong><em>λαβεῖν</em></strong></span> <span class='ocrx_word' id='word_1_16' title='bbox 443 565 474 613; x_wconf 90' lang='grc'><strong>61</strong></span> <span class='ocrx_word' id='word_1_17' title='bbox 498 555 576 613; x_wconf 90' lang='lat' dir='ltr'><strong>dicit</strong></span> <span class='ocrx_word' id='word_1_18' title='bbox 599 560 798 629; x_wconf 82' lang='lat' dir='ltr'><strong>structuram,</strong></span> <span class='ocrx_word' id='word_1_19' title='bbox 824 573 916 628; x_wconf 91' lang='lat' dir='ltr'><strong>quam</strong></span> <span class='ocrx_word' id='word_1_20' title='bbox 939 553 1096 646; x_wconf 68' lang='lat' dir='ltr'><strong>babemus,</strong></span> <span class='ocrx_word' id='word_1_21' title='bbox 1123 553 1335 610; x_wconf 80' lang='lat' dir='ltr'><strong>commixtione</strong></span> <span class='ocrx_word' id='word_1_22' title='bbox 1360 552 1490 609; x_wconf 87' lang='lat' dir='ltr'><strong>duarum</strong></span> 
     </span>
     <span class='ocr_line' id='line_1_5' title="bbox 313 656 1491 739; baseline -0.003 -20"><span class='ocrx_word' id='word_1_23' title='bbox 313 663 503 721; x_wconf 90' lang='lat' dir='ltr'><strong>locutionum</strong></span> <span class='ocrx_word' id='word_1_24' title='bbox 526 667 638 719; x_wconf 71' lang='lat' dir='ltr'><strong>ortam</strong></span> <span class='ocrx_word' id='word_1_25' title='bbox 673 679 756 719; x_wconf 83' lang='lat' dir='ltr'><strong>esse:</strong></span> <span class='ocrx_word' id='word_1_26' title='bbox 794 658 852 739; x_wconf 80' lang='grc' dir='ltr'><strong>ἡδὺ</strong></span> <span class='ocrx_word' id='word_1_27' title='bbox 889 657 948 738; x_wconf 79' lang='grc' dir='ltr'><strong>γὰρ</strong></span> <span class='ocrx_word' id='word_1_28' title='bbox 983 664 1085 738; x_wconf 76' lang='grc' dir='ltr'><strong><em>κτῆμα</em></strong></span> <span class='ocrx_word' id='word_1_29' title='bbox 1120 656 1175 737; x_wconf 79' lang='grc' dir='ltr'><strong>τὴν</strong></span> <span class='ocrx_word' id='word_1_30' title='bbox 1209 658 1298 737; x_wconf 86' lang='grc' dir='ltr'><strong><em>νίκην</em></strong></span> <span class='ocrx_word' id='word_1_31' title='bbox 1332 658 1436 739; x_wconf 75' lang='grc' dir='ltr'><strong><em>λαβεῖν</em></strong></span> <span class='ocrx_word' id='word_1_32' title='bbox 1460 666 1491 717; x_wconf 91' lang='grc'><strong>61</strong></span> 
     </span>
     <span class='ocr_line' id='line_1_6' title="bbox 245 763 1489 849; baseline -0.005 -19"><span class='ocrx_word' id='word_1_33' title='bbox 245 765 252 781; x_wconf 78' lang='grc'><strong><em>’</em></strong></span> <span class='ocrx_word' id='word_1_34' title='bbox 316 769 374 849; x_wconf 73' lang='grc' dir='ltr'><strong>ἡδὶ·</strong></span> <span class='ocrx_word' id='word_1_35' title='bbox 408 767 466 848; x_wconf 80' lang='grc' dir='ltr'><strong>γὰρ</strong></span> <span class='ocrx_word' id='word_1_36' title='bbox 499 767 533 827; x_wconf 82' lang='grc' dir='ltr'><strong>τὸ</strong></span> <span class='ocrx_word' id='word_1_37' title='bbox 560 773 663 847; x_wconf 76' lang='grc' dir='ltr'><strong><em>κτῆμα</em></strong></span> <span class='ocrx_word' id='word_1_38' title='bbox 687 772 739 846; x_wconf 76' lang='grc' dir='ltr'><strong>τῆς</strong></span> <span class='ocrx_word' id='word_1_39' title='bbox 762 767 851 845; x_wconf 86' lang='grc' dir='ltr'><strong><em>νίκης</em></strong></span> <span class='ocrx_word' id='word_1_40' title='bbox 873 765 984 845; x_wconf 65' lang='grc' dir='ltr'><strong><em>λαβεῖν.</em></strong></span> <span class='ocrx_word' id='word_1_41' title='bbox 1032 763 1198 840; x_wconf 80' lang='lat' dir='ltr'><strong>Comparat</strong></span> <span class='ocrx_word' id='word_1_42' title='bbox 1222 766 1313 822; x_wconf 90' lang='lat' dir='ltr'><strong>etiam</strong></span> <span class='ocrx_word' id='word_1_43' title='bbox 1340 765 1489 842; x_wconf 82' lang='lat' dir='ltr'><strong>exempla,</strong></span> 
     </span>
     <span class='ocr_line' id='line_1_7' title="bbox 245 867 1490 956; baseline -0.002 -22"><span class='ocrx_word' id='word_1_44' title='bbox 245 949 248 956; x_wconf 28' lang='grc'>1</span> <span class='ocrx_word' id='word_1_45' title='bbox 315 876 405 951; x_wconf 86' lang='lat' dir='ltr'><strong>quale</strong></span> <span class='ocrx_word' id='word_1_46' title='bbox 441 880 490 933; x_wconf 88' lang='lat' dir='ltr'><strong>est</strong></span> <span class='ocrx_word' id='word_1_47' title='bbox 523 875 595 932; x_wconf 82' lang='lat' dir='ltr'><strong>Eur.</strong></span> <span class='ocrx_word' id='word_1_48' title='bbox 632 872 728 930; x_wconf 85' lang='lat' dir='ltr'><strong>Andr.</strong></span> <span class='ocrx_word' id='word_1_49' title='bbox 766 874 825 929; x_wconf 85' lang='grc'><strong>181</strong></span> <span class='ocrx_word' id='word_1_50' title='bbox 857 871 1031 951; x_wconf 71' lang='grc' dir='ltr'><strong><em>ἐπίφθονόν</em></strong></span> <span class='ocrx_word' id='word_1_51' title='bbox 1059 869 1084 931; x_wconf 82' lang='grc' dir='ltr'><strong>τι</strong></span> <span class='ocrx_word' id='word_1_52' title='bbox 1107 877 1214 950; x_wconf 83' lang='grc' dir='ltr'><strong><em>χρῆμα</em></strong></span> <span class='ocrx_word' id='word_1_53' title='bbox 1238 867 1398 953; x_wconf 71' lang='grc' dir='ltr'><strong><em>θηλειῶν</em></strong></span> <span class='ocrx_word' id='word_1_54' title='bbox 1422 874 1490 951; x_wconf 68' lang='grc' dir='ltr'><strong><em>ἔην.</em></strong></span> 
     </span>
     <span class='ocr_line' id='line_1_8' title="bbox 316 976 1489 1054; baseline -0.004 -14"><span class='ocrx_word' id='word_1_55' title='bbox 316 981 427 1041; x_wconf 79' lang='lat' dir='ltr'>Confer</span> <span class='ocrx_word' id='word_1_56' title='bbox 452 980 559 1038; x_wconf 87' lang='lat' dir='ltr'><strong>Jebbii</strong></span> <span class='ocrx_word' id='word_1_57' title='bbox 584 979 653 1038; x_wconf 88' lang='lat' dir='ltr'><strong>adn.</strong></span> <span class='ocrx_word' id='word_1_58' title='bbox 680 978 795 1036; x_wconf 88' lang='lat' dir='ltr'><strong>Verum</strong></span> <span class='ocrx_word' id='word_1_59' title='bbox 819 978 893 1053; x_wconf 91' lang='lat' dir='ltr'><strong>quid</strong></span> <span class='ocrx_word' id='word_1_60' title='bbox 919 998 1021 1037; x_wconf 86' lang='lat' dir='ltr'><strong>causae</strong></span> <span class='ocrx_word' id='word_1_61' title='bbox 1046 983 1105 1054; x_wconf 90' lang='lat' dir='ltr'><strong>est,</strong></span> <span class='ocrx_word' id='word_1_62' title='bbox 1131 976 1204 1052; x_wconf 89' lang='lat' dir='ltr'><strong>quin</strong></span> <span class='ocrx_word' id='word_1_63' title='bbox 1228 978 1321 1036; x_wconf 89' lang='lat' dir='ltr'><strong>etiam</strong></span> <span class='ocrx_word' id='word_1_64' title='bbox 1339 978 1489 1054; x_wconf 86' lang='lat' dir='ltr'><strong>ejusmodi</strong></span> 
     </span>
     <span class='ocr_line' id='line_1_9' title="bbox 314 1084 1491 1161; baseline -0.003 -16"><span class='ocrx_word' id='word_1_65' title='bbox 314 1090 376 1147; x_wconf 93' lang='lat' dir='ltr'><strong>loci</strong></span> <span class='ocrx_word' id='word_1_66' title='bbox 411 1089 601 1146; x_wconf 81' lang='lat' dir='ltr'><strong>attractione</strong></span> <span class='ocrx_word' id='word_1_67' title='bbox 635 1093 667 1144; x_wconf 90' lang='lat' dir='ltr'><strong>et</strong></span> <span class='ocrx_word' id='word_1_68' title='bbox 701 1085 923 1144; x_wconf 78' lang='lat' dir='ltr'><strong>assimilatione</strong></span> <span class='ocrx_word' id='word_1_69' title='bbox 948 1084 1152 1161; x_wconf 86' lang='lat' dir='ltr'><strong>explicentur.</strong></span> <span class='ocrx_word' id='word_1_70' title='bbox 1201 1084 1308 1159; x_wconf 89' lang='lat' dir='ltr'><strong>Neque</strong></span> <span class='ocrx_word' id='word_1_71' title='bbox 1332 1089 1433 1143; x_wconf 87' lang='lat' dir='ltr'><strong>tamen</strong></span> <span class='ocrx_word' id='word_1_72' title='bbox 1459 1085 1491 1142; x_wconf 91' lang='lat' dir='ltr'><strong>id</strong></span> 
     </span>
     <span class='ocr_line' id='line_1_10' title="bbox 315 1191 1489 1269; baseline -0.004 -16"><span class='ocrx_word' id='word_1_73' title='bbox 315 1194 466 1253; x_wconf 88' lang='lat' dir='ltr'><strong>contendo</strong></span> <span class='ocrx_word' id='word_1_74' title='bbox 502 1211 567 1253; x_wconf 80' lang='grc'>1166</span> <span class='ocrx_word' id='word_1_75' title='bbox 598 1210 689 1269; x_wconf 76' lang='lat' dir='ltr'><strong>posse</strong></span> <span class='ocrx_word' id='word_1_76' title='bbox 724 1191 802 1268; x_wconf 86' lang='lat' dir='ltr'><strong>fieri,</strong></span> <span class='ocrx_word' id='word_1_77' title='bbox 839 1199 873 1250; x_wconf 94' lang='lat' dir='ltr'><strong>ut</strong></span> <span class='ocrx_word' id='word_1_78' title='bbox 898 1191 1113 1250; x_wconf 78' lang='lat' dir='ltr'><strong>Schneidewin</strong></span> <span class='ocrx_word' id='word_1_79' title='bbox 1138 1193 1305 1266; x_wconf 88' lang='lat' dir='ltr'><strong>ceterique,</strong></span> <span class='ocrx_word' id='word_1_80' title='bbox 1331 1193 1384 1265; x_wconf 91' lang='lat' dir='ltr'><strong>qui</strong></span> <span class='ocrx_word' id='word_1_81' title='bbox 1408 1192 1489 1250; x_wconf 89' lang='lat' dir='ltr'><strong>idem</strong></span> 
     </span>
     <span class='ocr_line' id='line_1_11' title="bbox 315 1297 1489 1376; baseline -0.004 -16"><span class='ocrx_word' id='word_1_82' title='bbox 315 1303 463 1376; x_wconf 86' lang='lat' dir='ltr'><strong>sentiunt,</strong></span> <span class='ocrx_word' id='word_1_83' title='bbox 499 1302 614 1357; x_wconf 87' lang='lat' dir='ltr'><strong>rectius</strong></span> <span class='ocrx_word' id='word_1_84' title='bbox 647 1299 793 1357; x_wconf 87' lang='lat' dir='ltr'><strong>viderint.</strong></span> <span class='ocrx_word' id='word_1_85' title='bbox 841 1297 921 1356; x_wconf 89' lang='lat' dir='ltr'><strong>Nam</strong></span> <span class='ocrx_word' id='word_1_86' title='bbox 945 1299 1015 1357; x_wconf 88' lang='lat' dir='ltr'><strong>inde</strong></span> <span class='ocrx_word' id='word_1_87' title='bbox 1040 1304 1195 1375; x_wconf 91' lang='lat' dir='ltr'><strong>postremo</strong></span> <span class='ocrx_word' id='word_1_88' title='bbox 1220 1300 1321 1356; x_wconf 89' lang='lat' dir='ltr'><strong>omnia</strong></span> <span class='ocrx_word' id='word_1_89' title='bbox 1344 1298 1489 1375; x_wconf 90' lang='lat' dir='ltr'><strong>pendent,</strong></span> 
     </span>
     <span class='ocr_line' id='line_1_12' title="bbox 315 1404 1488 1483; baseline -0.003 -18"><span class='ocrx_word' id='word_1_90' title='bbox 315 1407 465 1483; x_wconf 90' lang='lat' dir='ltr'><strong>quomodo</strong></span> <span class='ocrx_word' id='word_1_91' title='bbox 490 1409 521 1464; x_wconf 92' lang='lat' dir='ltr'><strong>in</strong></span> <span class='ocrx_word' id='word_1_92' title='bbox 546 1407 708 1483; x_wconf 85' lang='lat' dir='ltr'><strong>scriptoris</strong></span> <span class='ocrx_word' id='word_1_93' title='bbox 732 1412 835 1465; x_wconf 90' lang='lat' dir='ltr'><strong>mente</strong></span> <span class='ocrx_word' id='word_1_94' title='bbox 860 1410 1018 1463; x_wconf 86' lang='lat' dir='ltr'><strong>structura</strong></span> <span class='ocrx_word' id='word_1_95' title='bbox 1042 1404 1209 1463; x_wconf 86' lang='lat' dir='ltr'><strong>exstiterit.</strong></span> <span class='ocrx_word' id='word_1_96' title='bbox 1257 1406 1365 1480; x_wconf 90' lang='lat' dir='ltr'><strong>Neque</strong></span> <span class='ocrx_word' id='word_1_97' title='bbox 1386 1407 1416 1462; x_wconf 92' lang='lat' dir='ltr'><strong>in</strong></span> <span class='ocrx_word' id='word_1_98' title='bbox 1434 1405 1488 1468; x_wconf 87' lang='lat' dir='ltr'><strong>tali</strong></span> 
     </span>
     <span class='ocr_line' id='line_1_13' title="bbox 315 1511 1489 1589; baseline -0.001 -18"><span class='ocrx_word' id='word_1_99' title='bbox 315 1535 348 1573; x_wconf 91' lang='lat' dir='ltr'><strong>re</strong></span> <span class='ocrx_word' id='word_1_100' title='bbox 382 1513 559 1589; x_wconf 83' lang='lat' dir='ltr'><strong>quidquam,</strong></span> <span class='ocrx_word' id='word_1_101' title='bbox 589 1511 648 1570; x_wconf 89' lang='grc'>6161</span> <span class='ocrx_word' id='word_1_102' title='bbox 674 1513 756 1587; x_wconf 93' lang='lat' dir='ltr'><strong>quod</strong></span> <span class='ocrx_word' id='word_1_103' title='bbox 780 1511 946 1571; x_wconf 88' lang='lat' dir='ltr'><strong>verisimile</strong></span> <span class='ocrx_word' id='word_1_104' title='bbox 971 1511 1104 1588; x_wconf 90' lang='lat' dir='ltr'><strong>videtur,</strong></span> <span class='ocrx_word' id='word_1_105' title='bbox 1130 1513 1320 1586; x_wconf 83' lang='lat' dir='ltr'><strong>cogitatione</strong></span> <span class='ocrx_word' id='word_1_106' title='bbox 1345 1514 1489 1586; x_wconf 88' lang='lat' dir='ltr'><strong>consequi</strong></span> 
     </span>
    </p>
   </div>
   <div class='ocr_carea' id='block_1_4' title="bbox 197 1616 485 1697">
    <p class='ocr_par' dir='ltr' id='par_1_4' title="bbox 197 1616 485 1697">
     <span class='ocr_line' id='line_1_14' title="bbox 197 1616 485 1697; baseline -0.003 -18"><span class='ocrx_word' id='word_1_107' title='bbox 197 1638 203 1648; x_wconf 90' lang='lat'><strong>·</strong></span> <span class='ocrx_word' id='word_1_108' title='bbox 232 1616 235 1621; x_wconf 75' lang='grc'><strong><em>’</em></strong></span> <span class='ocrx_word' id='word_1_109' title='bbox 314 1640 485 1697; x_wconf 88' lang='lat' dir='ltr'><strong>possumus.</strong></span> 
     </span>
    </p>
   </div>
   <div class='ocr_carea' id='block_1_5' title="bbox 290 1724 1491 4149">
    <p class='ocr_par' dir='ltr' id='par_1_5' title="bbox 290 1724 1491 4149">
     <span class='ocr_line' id='line_1_15' title="bbox 404 1724 1491 1802; baseline 0.005 -16"><span class='ocrx_word' id='word_1_110' title='bbox 404 1734 432 1785; x_wconf 83' lang='lat' dir='ltr'><strong>d.</strong></span> <span class='ocrx_word' id='word_1_111' title='bbox 479 1728 612 1786; x_wconf 78' lang='lat' dir='ltr'><strong>Delirus</strong></span> <span class='ocrx_word' id='word_1_112' title='bbox 647 1744 786 1802; x_wconf 79' lang='lat' dir='ltr'><strong>persona</strong></span> <span class='ocrx_word' id='word_1_113' title='bbox 824 1726 1023 1800; x_wconf 78' lang='lat' dir='ltr'><strong>anticipatus,</strong></span> <span class='ocrx_word' id='word_1_114' title='bbox 1073 1724 1107 1783; x_wconf 90' lang='grc' dir='ltr'><strong>Ο.</strong></span> <span class='ocrx_word' id='word_1_115' title='bbox 1140 1725 1173 1784; x_wconf 86' lang='lat' dir='ltr'><strong>C.</strong></span> <span class='ocrx_word' id='word_1_116' title='bbox 1202 1727 1285 1784; x_wconf 82' lang='grc'>1496</span> <span class='ocrx_word' id='word_1_117' title='bbox 1311 1746 1335 1785; x_wconf 92' lang='grc'><strong>6.</strong></span> <span class='ocrx_word' id='word_1_118' title='bbox 1362 1726 1379 1787; x_wconf 86' lang='grc' dir='ltr'>ὁ</span> <span class='ocrx_word' id='word_1_119' title='bbox 1404 1727 1491 1797; x_wconf 63' lang='lat' dir='ltr'><strong>aaa:</strong></span> 
     </span>
     <span class='ocr_line' id='line_1_16' title="bbox 315 1830 1489 1915; baseline -0.003 -20"><span class='ocrx_word' id='word_1_120' title='bbox 315 1854 352 1895; x_wconf 89' lang='grc' dir='ltr'><strong>σε</strong></span> <span class='ocrx_word' id='word_1_121' title='bbox 387 1836 447 1895; x_wconf 80' lang='grc' dir='ltr'><strong>καὶ</strong></span> <span class='ocrx_word' id='word_1_122' title='bbox 481 1830 635 1915; x_wconf 76' lang='grc' dir='ltr'><strong><em>πόλισμα</em></strong></span> <span class='ocrx_word' id='word_1_123' title='bbox 649 1872 662 1881; x_wconf 95' lang='grc'>-</span> <span class='ocrx_word' id='word_1_124' title='bbox 679 1833 801 1903; x_wconf 75' lang='grc' dir='ltr'><strong><em>ἕκαξιαῖ</em></strong></span> <span class='ocrx_word' id='word_1_125' title='bbox 832 1832 953 1892; x_wconf 88' lang='grc' dir='ltr'><strong><em>δικαίαν</em></strong></span> <span class='ocrx_word' id='word_1_126' title='bbox 985 1832 1076 1912; x_wconf 91' lang='grc' dir='ltr'><strong><em>χάριν</em></strong></span> <span class='ocrx_word' id='word_1_127' title='bbox 1099 1839 1270 1913; x_wconf 70' lang='grc' dir='ltr'><strong><em>παρασχεῖν</em></strong></span> <span class='ocrx_word' id='word_1_128' title='bbox 1293 1833 1411 1894; x_wconf 62' lang='lat' dir='ltr'><strong>auctior</strong></span> <span class='ocrx_word' id='word_1_129' title='bbox 1434 1854 1489 1910; x_wconf 88' lang='lat' dir='ltr'><strong>pro</strong></span> 
     </span>
     <span class='ocr_line' id='line_1_17' title="bbox 314 1928 1489 2019; baseline -0.003 -19"><span class='ocrx_word' id='word_1_130' title='bbox 314 1941 331 2000; x_wconf 82' lang='grc' dir='ltr'><strong><em>δ</em></strong></span> <span class='ocrx_word' id='word_1_131' title='bbox 356 1928 443 2010; x_wconf 64' lang='grc' dir='ltr'><strong><em>ξένας</em></strong></span> <span class='ocrx_word' id='word_1_132' title='bbox 471 1941 593 2010; x_wconf 76' lang='grc' dir='ltr'><strong><em>ἓπαξιαῖ</em></strong></span> <span class='ocrx_word' id='word_1_133' title='bbox 618 1939 740 1999; x_wconf 84' lang='grc' dir='ltr'><strong><em>δικαίαν</em></strong></span> <span class='ocrx_word' id='word_1_134' title='bbox 767 1938 858 2018; x_wconf 88' lang='grc' dir='ltr'><strong><em>χάριν</em></strong></span> <span class='ocrx_word' id='word_1_135' title='bbox 886 1944 1056 2018; x_wconf 75' lang='grc' dir='ltr'><strong><em>παρασχεῖν</em></strong></span> <span class='ocrx_word' id='word_1_136' title='bbox 1080 1962 1128 1999; x_wconf 86' lang='grc' dir='ltr'><strong>σαι</strong></span> <span class='ocrx_word' id='word_1_137' title='bbox 1152 1940 1204 1999; x_wconf 80' lang='grc' dir='ltr'><strong>καὶ</strong></span> <span class='ocrx_word' id='word_1_138' title='bbox 1228 1940 1397 2019; x_wconf 73' lang='grc' dir='ltr'><strong><em>πολίσματι.</em></strong></span> <span class='ocrx_word' id='word_1_139' title='bbox 1445 1940 1489 1997; x_wconf 79' lang='lat' dir='ltr'><strong>At</strong></span> 
     </span>
     <span class='ocr_line' id='line_1_18' title="bbox 314 2045 1489 2122; baseline 0 -19"><span class='ocrx_word' id='word_1_140' title='bbox 314 2045 400 2105; x_wconf 90' lang='lat' dir='ltr'><strong>dicat</strong></span> <span class='ocrx_word' id='word_1_141' title='bbox 433 2047 559 2120; x_wconf 88' lang='lat' dir='ltr'><strong>aliquis:</strong></span> <span class='ocrx_word' id='word_1_142' title='bbox 584 2045 652 2103; x_wconf 88' lang='lat' dir='ltr'><strong>fieri</strong></span> <span class='ocrx_word' id='word_1_143' title='bbox 676 2065 736 2102; x_wconf 93' lang='lat' dir='ltr'><strong>non</strong></span> <span class='ocrx_word' id='word_1_144' title='bbox 760 2051 873 2122; x_wconf 87' lang='lat' dir='ltr'><strong>potest,</strong></span> <span class='ocrx_word' id='word_1_145' title='bbox 899 2052 934 2102; x_wconf 93' lang='lat' dir='ltr'><strong>ut</strong></span> <span class='ocrx_word' id='word_1_146' title='bbox 958 2045 1105 2114; x_wconf 77' lang='grc' dir='ltr'><strong><em>ἕπαξιοῦν</em></strong></span> <span class='ocrx_word' id='word_1_147' title='bbox 1129 2058 1160 2102; x_wconf 89' lang='grc'><strong>61</strong></span> <span class='ocrx_word' id='word_1_148' title='bbox 1185 2046 1394 2104; x_wconf 85' lang='lat' dir='ltr'><strong>accusativum</strong></span> <span class='ocrx_word' id='word_1_149' title='bbox 1420 2067 1489 2122; x_wconf 86' lang='lat' dir='ltr'><strong>per-</strong></span> 
     </span>
     <span class='ocr_line' id='line_1_19' title="bbox 314 2151 1488 2227; baseline -0.003 -16"><span class='ocrx_word' id='word_1_150' title='bbox 314 2172 396 2211; x_wconf 88' lang='lat' dir='ltr'><strong>sonae</strong></span> <span class='ocrx_word' id='word_1_151' title='bbox 422 2159 454 2211; x_wconf 91' lang='lat' dir='ltr'><strong>et</strong></span> <span class='ocrx_word' id='word_1_152' title='bbox 477 2151 666 2211; x_wconf 90' lang='lat' dir='ltr'><strong>infinitivum</strong></span> <span class='ocrx_word' id='word_1_153' title='bbox 690 2151 783 2210; x_wconf 88' lang='lat' dir='ltr'><strong>simul</strong></span> <span class='ocrx_word' id='word_1_154' title='bbox 806 2157 906 2227; x_wconf 82' lang='lat' dir='ltr'><strong>regat.</strong></span> <span class='ocrx_word' id='word_1_155' title='bbox 954 2152 1033 2208; x_wconf 87' lang='lat' dir='ltr'><strong>Nam</strong></span> <span class='ocrx_word' id='word_1_156' title='bbox 1058 2152 1142 2208; x_wconf 89' lang='lat' dir='ltr'><strong>aliud</strong></span> <span class='ocrx_word' id='word_1_157' title='bbox 1167 2152 1224 2209; x_wconf 87' lang='lat' dir='ltr'><strong>hoc</strong></span> <span class='ocrx_word' id='word_1_158' title='bbox 1248 2153 1374 2210; x_wconf 85' lang='lat' dir='ltr'><strong>verbum</strong></span> <span class='ocrx_word' id='word_1_159' title='bbox 1394 2153 1488 2225; x_wconf 71' lang='lat' dir='ltr'><strong>signi-</strong></span> 
     </span>
     <span class='ocr_line' id='line_1_20' title="bbox 313 2256 1486 2338; baseline -0.003 -20"><span class='ocrx_word' id='word_1_160' title='bbox 313 2259 396 2338; x_wconf 89' lang='lat' dir='ltr'><strong>ficat,</strong></span> <span class='ocrx_word' id='word_1_161' title='bbox 431 2261 457 2318; x_wconf 92' lang='lat' dir='ltr'><strong>si</strong></span> <span class='ocrx_word' id='word_1_162' title='bbox 491 2280 561 2318; x_wconf 89' lang='lat' dir='ltr'><strong>cum</strong></span> <span class='ocrx_word' id='word_1_163' title='bbox 590 2260 767 2317; x_wconf 89' lang='lat' dir='ltr'><strong>accusativo</strong></span> <span class='ocrx_word' id='word_1_164' title='bbox 788 2257 941 2333; x_wconf 79' lang='lat' dir='ltr'><strong>jungitur,</strong></span> <span class='ocrx_word' id='word_1_165' title='bbox 968 2257 1063 2333; x_wconf 92' lang='lat' dir='ltr'><strong>aliud,</strong></span> <span class='ocrx_word' id='word_1_166' title='bbox 1089 2256 1116 2315; x_wconf 89' lang='lat' dir='ltr'><strong>si</strong></span> <span class='ocrx_word' id='word_1_167' title='bbox 1141 2257 1314 2316; x_wconf 84' lang='lat' dir='ltr'><strong>infinitivus</strong></span> <span class='ocrx_word' id='word_1_168' title='bbox 1339 2259 1486 2330; x_wconf 80' lang='lat' dir='ltr'><strong>sequitur.</strong></span> 
     </span>
     <span class='ocr_line' id='line_1_21' title="bbox 314 2364 1487 2440; baseline -0.003 -17"><span class='ocrx_word' id='word_1_169' title='bbox 314 2368 382 2425; x_wconf 89' lang='lat' dir='ltr'><strong>Hoc</strong></span> <span class='ocrx_word' id='word_1_170' title='bbox 406 2374 492 2426; x_wconf 88' lang='grc'>16616</span> <span class='ocrx_word' id='word_1_171' title='bbox 517 2366 641 2440; x_wconf 92' lang='lat' dir='ltr'><strong>dicitur,</strong></span> <span class='ocrx_word' id='word_1_172' title='bbox 667 2364 743 2421; x_wconf 89' lang='lat' dir='ltr'><strong>illud</strong></span> <span class='ocrx_word' id='word_1_173' title='bbox 767 2383 827 2421; x_wconf 91' lang='lat' dir='ltr'><strong>non</strong></span> <span class='ocrx_word' id='word_1_174' title='bbox 852 2370 946 2422; x_wconf 89' lang='lat' dir='ltr'><strong>recte.</strong></span> <span class='ocrx_word' id='word_1_175' title='bbox 994 2364 1101 2438; x_wconf 91' lang='lat' dir='ltr'><strong>Neque</strong></span> <span class='ocrx_word' id='word_1_176' title='bbox 1120 2366 1200 2421; x_wconf 90' lang='lat' dir='ltr'><strong>enirn</strong></span> <span class='ocrx_word' id='word_1_177' title='bbox 1216 2364 1247 2421; x_wconf 89' lang='lat' dir='ltr'><strong>id</strong></span> <span class='ocrx_word' id='word_1_178' title='bbox 1264 2365 1362 2438; x_wconf 84' lang='lat' dir='ltr'><strong>magis</strong></span> <span class='ocrx_word' id='word_1_179' title='bbox 1379 2365 1487 2421; x_wconf 89' lang='lat' dir='ltr'><strong>mirum</strong></span> 
     </span>
     <span class='ocr_line' id='line_1_22' title="bbox 314 2469 1487 2547; baseline -0.003 -16"><span class='ocrx_word' id='word_1_180' title='bbox 314 2480 371 2547; x_wconf 86' lang='lat' dir='ltr'><strong>est,</strong></span> <span class='ocrx_word' id='word_1_181' title='bbox 408 2493 499 2547; x_wconf 89' lang='lat' dir='ltr'><strong>quam</strong></span> <span class='ocrx_word' id='word_1_182' title='bbox 534 2473 559 2530; x_wconf 91' lang='lat' dir='ltr'><strong>si</strong></span> <span class='ocrx_word' id='word_1_183' title='bbox 596 2471 752 2532; x_wconf 74' lang='grc' dir='ltr'><strong><em>διδάσκειν</em></strong></span> <span class='ocrx_word' id='word_1_184' title='bbox 785 2477 816 2528; x_wconf 88' lang='grc'><strong>61</strong></span> <span class='ocrx_word' id='word_1_185' title='bbox 850 2471 909 2528; x_wconf 89' lang='lat' dir='ltr'><strong>alia</strong></span> <span class='ocrx_word' id='word_1_186' title='bbox 933 2472 1028 2529; x_wconf 84' lang='lat' dir='ltr'><strong>verba</strong></span> <span class='ocrx_word' id='word_1_187' title='bbox 1052 2491 1121 2529; x_wconf 90' lang='lat' dir='ltr'><strong>cum</strong></span> <span class='ocrx_word' id='word_1_188' title='bbox 1145 2469 1264 2528; x_wconf 87' lang='lat' dir='ltr'><strong>duobus</strong></span> <span class='ocrx_word' id='word_1_189' title='bbox 1290 2470 1487 2544; x_wconf 68' lang='lat' dir='ltr'><strong>accusativis,</strong></span> 
     </span>
     <span class='ocr_line' id='line_1_23' title="bbox 313 2576 1488 2659; baseline 0.001 -21"><span class='ocrx_word' id='word_1_190' title='bbox 313 2599 452 2656; x_wconf 84' lang='lat' dir='ltr'><strong>personae</strong></span> <span class='ocrx_word' id='word_1_191' title='bbox 488 2587 521 2638; x_wconf 90' lang='lat' dir='ltr'><strong>et</strong></span> <span class='ocrx_word' id='word_1_192' title='bbox 552 2581 608 2652; x_wconf 90' lang='lat' dir='ltr'><strong>rei,</strong></span> <span class='ocrx_word' id='word_1_193' title='bbox 634 2578 815 2656; x_wconf 80' lang='lat' dir='ltr'><strong>junguntur.</strong></span> <span class='ocrx_word' id='word_1_194' title='bbox 864 2576 980 2636; x_wconf 77' lang='lat' dir='ltr'><strong>Confer</strong></span> <span class='ocrx_word' id='word_1_195' title='bbox 1005 2580 1098 2636; x_wconf 88' lang='grc'>611616</span> <span class='ocrx_word' id='word_1_196' title='bbox 1123 2576 1157 2637; x_wconf 90' lang='grc' dir='ltr'><strong>Ο,</strong></span> <span class='ocrx_word' id='word_1_197' title='bbox 1184 2578 1222 2636; x_wconf 87' lang='lat' dir='ltr'><strong>R.</strong></span> <span class='ocrx_word' id='word_1_198' title='bbox 1252 2579 1335 2635; x_wconf 76' lang='lat'>1417</span> <span class='ocrx_word' id='word_1_199' title='bbox 1360 2596 1400 2635; x_wconf 87' lang='lat' dir='ltr'><strong>ss.</strong></span> <span class='ocrx_word' id='word_1_200' title='bbox 1425 2579 1488 2659; x_wconf 81' lang='grc' dir='ltr'><strong>τὴν</strong></span> 
     </span>
     <span class='ocr_line' id='line_1_24' title="bbox 314 2680 1485 2768; baseline -0.004 -20"><span class='ocrx_word' id='word_1_201' title='bbox 314 2685 391 2765; x_wconf 69' lang='lat' dir='ltr'><strong>perir</strong></span> <span class='ocrx_word' id='word_1_202' title='bbox 425 2687 524 2746; x_wconf 82' lang='grc' dir='ltr'><strong><em>πάντα</em></strong></span> <span class='ocrx_word' id='word_1_203' title='bbox 556 2685 736 2766; x_wconf 65' lang='grc' dir='ltr'><strong><em>βόσκουσαν</em></strong></span> <span class='ocrx_word' id='word_1_204' title='bbox 769 2682 886 2768; x_wconf 73' lang='grc' dir='ltr'><strong><em>φλόγα</em></strong></span> <span class='ocrx_word' id='word_1_205' title='bbox 914 2680 1065 2746; x_wconf 71' lang='grc' dir='ltr'><strong><em>αἰδεῖσθ’</em></strong></span> <span class='ocrx_word' id='word_1_206' title='bbox 1093 2685 1226 2752; x_wconf 77' lang='grc' dir='ltr'><strong><em>ἄνακτος</em></strong></span> <span class='ocrx_word' id='word_1_207' title='bbox 1245 2682 1349 2746; x_wconf 72' lang='grc' dir='ltr'><em>Ἡλίου</em></span> <span class='ocrx_word' id='word_1_208' title='bbox 1373 2683 1485 2746; x_wconf 72' lang='grc' dir='ltr'><strong><em>τοιάνδ’</em></strong></span> 
     </span>
     <span class='ocr_line' id='line_1_25' title="bbox 313 2789 1488 2872; baseline -0.004 -20"><span class='ocrx_word' id='word_1_209' title='bbox 313 2794 387 2872; x_wconf 83' lang='grc' dir='ltr'><strong><em>άχας</em></strong></span> <span class='ocrx_word' id='word_1_210' title='bbox 422 2793 597 2853; x_wconf 64' lang='lat' dir='ltr'><strong>rivalium</strong></span> <span class='ocrx_word' id='word_1_211' title='bbox 632 2793 713 2854; x_wconf 75' lang='lat' dir='ltr'><strong>oiirm</strong></span> <span class='ocrx_word' id='word_1_212' title='bbox 749 2789 939 2870; x_wconf 85' lang='grc' dir='ltr'><strong><em>δεικνύναι,</em></strong></span> <span class='ocrx_word' id='word_1_213' title='bbox 975 2792 1056 2867; x_wconf 91' lang='lat' dir='ltr'><strong>quod</strong></span> <span class='ocrx_word' id='word_1_214' title='bbox 1091 2791 1186 2850; x_wconf 89' lang='lat' dir='ltr'><strong>latine</strong></span> <span class='ocrx_word' id='word_1_215' title='bbox 1211 2797 1310 2850; x_wconf 86' lang='lat' dir='ltr'><strong>esset:</strong></span> <span class='ocrx_word' id='word_1_216' title='bbox 1336 2790 1488 2848; x_wconf 87' lang='lat' dir='ltr'><strong>flammam</strong></span> 
     </span>
     <span class='ocr_line' id='line_1_26' title="bbox 314 2897 1487 2975; baseline -0.002 -18"><span class='ocrx_word' id='word_1_217' title='bbox 314 2900 394 2959; x_wconf 84' lang='lat' dir='ltr'><strong>Solis</strong></span> <span class='ocrx_word' id='word_1_218' title='bbox 428 2901 576 2959; x_wconf 87' lang='lat' dir='ltr'><strong>veremini</strong></span> <span class='ocrx_word' id='word_1_219' title='bbox 612 2900 674 2957; x_wconf 88' lang='lat' dir='ltr'><strong>tale</strong></span> <span class='ocrx_word' id='word_1_220' title='bbox 710 2900 866 2975; x_wconf 87' lang='lat' dir='ltr'><strong>piaculum</strong></span> <span class='ocrx_word' id='word_1_221' title='bbox 899 2897 1487 2975; x_wconf 76' lang='lat' dir='ltr'><strong>intectumostenderapro:ila1nma</strong></span> 
     </span>
     <span class='ocr_line' id='line_1_27' title="bbox 314 3004 1487 3083; baseline -0.003 -17"><span class='ocrx_word' id='word_1_222' title='bbox 314 3008 395 3066; x_wconf 81' lang='lat' dir='ltr'><strong>Solis</strong></span> <span class='ocrx_word' id='word_1_223' title='bbox 419 3006 568 3065; x_wconf 91' lang='lat' dir='ltr'><strong>veremini</strong></span> <span class='ocrx_word' id='word_1_224' title='bbox 592 3007 653 3063; x_wconf 91' lang='grc'>1616</span> <span class='ocrx_word' id='word_1_225' title='bbox 678 3005 833 3081; x_wconf 85' lang='lat' dir='ltr'><strong>piaculum</strong></span> <span class='ocrx_word' id='word_1_226' title='bbox 857 3007 1008 3064; x_wconf 89' lang='lat' dir='ltr'><strong>intectum</strong></span> <span class='ocrx_word' id='word_1_227' title='bbox 1032 3006 1208 3083; x_wconf 86' lang='lat' dir='ltr'><strong>ostendere,</strong></span> <span class='ocrx_word' id='word_1_228' title='bbox 1233 3004 1385 3064; x_wconf 87' lang='lat' dir='ltr'><strong>flammam</strong></span> <span class='ocrx_word' id='word_1_229' title='bbox 1407 3005 1487 3063; x_wconf 77' lang='lat' dir='ltr'><strong>Solis</strong></span> 
     </span>
     <span class='ocr_line' id='line_1_28' title="bbox 313 3112 1488 3189; baseline -0.004 -16"><span class='ocrx_word' id='word_1_230' title='bbox 313 3122 498 3174; x_wconf 88' lang='lat' dir='ltr'><strong>venerantes</strong></span> <span class='ocrx_word' id='word_1_231' title='bbox 533 3112 712 3170; x_wconf 88' lang='lat' dir='ltr'><strong>nolite---.</strong></span> <span class='ocrx_word' id='word_1_232' title='bbox 750 3113 791 3170; x_wconf 85' lang='lat' dir='ltr'><strong>Et</strong></span> <span class='ocrx_word' id='word_1_233' title='bbox 819 3115 927 3170; x_wconf 90' lang='lat' dir='ltr'><strong>intima</strong></span> <span class='ocrx_word' id='word_1_234' title='bbox 955 3112 1046 3189; x_wconf 84' lang='lat' dir='ltr'><strong>hujus</strong></span> <span class='ocrx_word' id='word_1_235' title='bbox 1075 3115 1120 3171; x_wconf 89' lang='lat' dir='ltr'><strong>rei</strong></span> <span class='ocrx_word' id='word_1_236' title='bbox 1150 3133 1244 3172; x_wconf 89' lang='lat' dir='ltr'><strong>causa</strong></span> <span class='ocrx_word' id='word_1_237' title='bbox 1269 3115 1300 3170; x_wconf 91' lang='lat' dir='ltr'><strong>in</strong></span> <span class='ocrx_word' id='word_1_238' title='bbox 1326 3133 1361 3171; x_wconf 90' lang='lat' dir='ltr'><strong>eo</strong></span> <span class='ocrx_word' id='word_1_239' title='bbox 1385 3112 1488 3188; x_wconf 88' lang='lat' dir='ltr'><strong>posita</strong></span> 
     </span>
     <span class='ocr_line' id='line_1_29' title="bbox 313 3218 1486 3297; baseline -0.005 -18"><span class='ocrx_word' id='word_1_240' title='bbox 313 3226 369 3297; x_wconf 86' lang='lat' dir='ltr'><strong>est,</strong></span> <span class='ocrx_word' id='word_1_241' title='bbox 395 3221 477 3295; x_wconf 91' lang='lat' dir='ltr'><strong>quod</strong></span> <span class='ocrx_word' id='word_1_242' title='bbox 500 3222 531 3277; x_wconf 91' lang='lat' dir='ltr'><strong>in</strong></span> <span class='ocrx_word' id='word_1_243' title='bbox 555 3221 650 3277; x_wconf 89' lang='lat' dir='ltr'><strong>verbo</strong></span> <span class='ocrx_word' id='word_1_244' title='bbox 674 3221 739 3279; x_wconf 88' lang='lat' dir='ltr'><strong>sive</strong></span> <span class='ocrx_word' id='word_1_245' title='bbox 764 3219 914 3278; x_wconf 89' lang='lat' dir='ltr'><strong>vocabulo</strong></span> <span class='ocrx_word' id='word_1_246' title='bbox 938 3220 1078 3293; x_wconf 88' lang='lat' dir='ltr'><strong>quolibet</strong></span> <span class='ocrx_word' id='word_1_247' title='bbox 1098 3221 1336 3297; x_wconf 85' lang='lat' dir='ltr'><strong>pronuntiando,</strong></span> <span class='ocrx_word' id='word_1_248' title='bbox 1354 3220 1429 3277; x_wconf 86' lang='lat' dir='ltr'><strong>licet</strong></span> <span class='ocrx_word' id='word_1_249' title='bbox 1446 3218 1486 3291; x_wconf 91' lang='lat' dir='ltr'><strong>id,</strong></span> 
     </span>
     <span class='ocr_line' id='line_1_30' title="bbox 313 3324 1487 3404; baseline -0.001 -20"><span class='ocrx_word' id='word_1_250' title='bbox 313 3326 340 3384; x_wconf 91' lang='lat' dir='ltr'><strong>si</strong></span> <span class='ocrx_word' id='word_1_251' title='bbox 376 3326 535 3384; x_wconf 89' lang='lat' dir='ltr'><strong>consilium</strong></span> <span class='ocrx_word' id='word_1_252' title='bbox 570 3324 637 3401; x_wconf 86' lang='lat' dir='ltr'><strong>ejus</strong></span> <span class='ocrx_word' id='word_1_253' title='bbox 665 3327 718 3400; x_wconf 90' lang='lat' dir='ltr'><strong>qui</strong></span> <span class='ocrx_word' id='word_1_254' title='bbox 746 3324 883 3400; x_wconf 90' lang='lat' dir='ltr'><strong>loquitur</strong></span> <span class='ocrx_word' id='word_1_255' title='bbox 907 3328 1065 3404; x_wconf 84' lang='lat' dir='ltr'><strong>respicias,</strong></span> <span class='ocrx_word' id='word_1_256' title='bbox 1091 3328 1269 3401; x_wconf 80' lang='lat' dir='ltr'><strong>angustiore</strong></span> <span class='ocrx_word' id='word_1_257' title='bbox 1295 3333 1386 3401; x_wconf 87' lang='lat' dir='ltr'><strong>atquo</strong></span> <span class='ocrx_word' id='word_1_258' title='bbox 1412 3326 1487 3384; x_wconf 90' lang='lat' dir='ltr'><strong>adeo</strong></span> 
     </span>
     <span class='ocr_line' id='line_1_31' title="bbox 314 3417 1487 3509; baseline -0.001 -19"><span class='ocrx_word' id='word_1_259' title='bbox 314 3417 535 3509; x_wconf 80' lang='lat' dir='ltr'><strong>angustissima</strong></span> <span class='ocrx_word' id='word_1_260' title='bbox 560 3430 788 3508; x_wconf 81' lang='lat' dir='ltr'><strong>significatione</strong></span> <span class='ocrx_word' id='word_1_261' title='bbox 813 3430 878 3506; x_wconf 89' lang='lat' dir='ltr'><strong>fiat,</strong></span> <span class='ocrx_word' id='word_1_262' title='bbox 899 3434 1046 3491; x_wconf 90' lang='lat' dir='ltr'><strong>universa</strong></span> <span class='ocrx_word' id='word_1_263' title='bbox 1062 3433 1145 3490; x_wconf 93' lang='lat' dir='ltr'><strong>illius</strong></span> <span class='ocrx_word' id='word_1_264' title='bbox 1162 3434 1306 3491; x_wconf 88' lang='lat' dir='ltr'><strong>vocabuli</strong></span> <span class='ocrx_word' id='word_1_265' title='bbox 1321 3435 1370 3492; x_wconf 90' lang='lat' dir='ltr'><strong>vis</strong></span> <span class='ocrx_word' id='word_1_266' title='bbox 1388 3432 1487 3490; x_wconf 89' lang='lat' dir='ltr'><strong>auimo</strong></span> 
     </span>
     <span class='ocr_line' id='line_1_32' title="bbox 313 3536 1488 3615; baseline 0.002 -19"><span class='ocrx_word' id='word_1_267' title='bbox 313 3536 380 3614; x_wconf 86' lang='lat' dir='ltr'><strong>ejus</strong></span> <span class='ocrx_word' id='word_1_268' title='bbox 416 3540 556 3614; x_wconf 89' lang='lat' dir='ltr'><strong>quamvis</strong></span> <span class='ocrx_word' id='word_1_269' title='bbox 592 3540 720 3596; x_wconf 88' lang='lat' dir='ltr'><strong>obscure</strong></span> <span class='ocrx_word' id='word_1_270' title='bbox 757 3539 949 3613; x_wconf 86' lang='lat' dir='ltr'><strong>obversatur,</strong></span> <span class='ocrx_word' id='word_1_271' title='bbox 986 3539 1068 3597; x_wconf 88' lang='lat' dir='ltr'><strong>unde</strong></span> <span class='ocrx_word' id='word_1_272' title='bbox 1096 3538 1142 3615; x_wconf 87' lang='lat' dir='ltr'><strong>fit,</strong></span> <span class='ocrx_word' id='word_1_273' title='bbox 1167 3544 1285 3598; x_wconf 89' lang='lat' dir='ltr'><strong>utnon</strong></span> <span class='ocrx_word' id='word_1_274' title='bbox 1309 3540 1398 3598; x_wconf 89' lang='lat' dir='ltr'><strong>modo</strong></span> <span class='ocrx_word' id='word_1_275' title='bbox 1423 3541 1488 3598; x_wconf 85' lang='lat' dir='ltr'><strong>haec</strong></span> 
     </span>
     <span class='ocr_line' id='line_1_33' title="bbox 313 3642 1488 3722; baseline 0.001 -19"><span class='ocrx_word' id='word_1_276' title='bbox 313 3645 398 3703; x_wconf 90' lang='lat' dir='ltr'><strong>clara</strong></span> <span class='ocrx_word' id='word_1_277' title='bbox 434 3652 465 3704; x_wconf 89' lang='lat' dir='ltr'><strong>et</strong></span> <span class='ocrx_word' id='word_1_278' title='bbox 501 3653 608 3722; x_wconf 91' lang='lat' dir='ltr'><strong>aperta</strong></span> <span class='ocrx_word' id='word_1_279' title='bbox 645 3642 841 3721; x_wconf 84' lang='lat' dir='ltr'><strong>significatio,</strong></span> <span class='ocrx_word' id='word_1_280' title='bbox 879 3643 936 3703; x_wconf 90' lang='lat' dir='ltr'><strong>sed</strong></span> <span class='ocrx_word' id='word_1_281' title='bbox 969 3646 1061 3704; x_wconf 87' lang='lat' dir='ltr'><strong>etiarn</strong></span> <span class='ocrx_word' id='word_1_282' title='bbox 1088 3644 1151 3722; x_wconf 86' lang='lat' dir='ltr'><strong>illa,</strong></span> <span class='ocrx_word' id='word_1_283' title='bbox 1182 3667 1249 3721; x_wconf 75' lang='lat' dir='ltr'><strong>quan¹</strong></span> <span class='ocrx_word' id='word_1_284' title='bbox 1274 3648 1432 3705; x_wconf 86' lang='lat' dir='ltr'><strong>obscurior</strong></span> <span class='ocrx_word' id='word_1_285' title='bbox 1457 3656 1488 3704; x_wconf 88' lang='grc'><strong>61</strong></span> 
     </span>
     <span class='ocr_line' id='line_1_34' title="bbox 290 3750 1487 3829; baseline 0.002 -21"><span class='ocrx_word' id='word_1_286' title='bbox 290 3754 412 3829; x_wconf 76' lang='lat' dir='ltr'><strong>magis</strong></span> <span class='ocrx_word' id='word_1_287' title='bbox 447 3759 566 3811; x_wconf 86' lang='lat' dir='ltr'><strong>remota</strong></span> <span class='ocrx_word' id='word_1_288' title='bbox 601 3756 658 3828; x_wconf 88' lang='grc'>661,</span> <span class='ocrx_word' id='word_1_289' title='bbox 696 3750 735 3807; x_wconf 91' lang='lat' dir='ltr'><strong>ad</strong></span> <span class='ocrx_word' id='word_1_290' title='bbox 770 3753 957 3812; x_wconf 85' lang='lat' dir='ltr'><strong>sententiam</strong></span> <span class='ocrx_word' id='word_1_291' title='bbox 990 3750 1182 3810; x_wconf 88' lang='lat' dir='ltr'><strong>formandam</strong></span> <span class='ocrx_word' id='word_1_292' title='bbox 1209 3753 1323 3812; x_wconf 90' lang='lat' dir='ltr'><strong>valeat.</strong></span> <span class='ocrx_word' id='word_1_293' title='bbox 1371 3753 1487 3811; x_wconf 84' lang='lat' dir='ltr'><strong>Eodem</strong></span> 
     </span>
     <span class='ocr_line' id='line_1_35' title="bbox 312 3858 1487 3936; baseline 0.002 -21"><span class='ocrx_word' id='word_1_294' title='bbox 312 3858 400 3917; x_wconf 91' lang='lat' dir='ltr'><strong>modo</strong></span> <span class='ocrx_word' id='word_1_295' title='bbox 425 3879 457 3918; x_wconf 86' lang='lat' dir='ltr'><strong>se</strong></span> <span class='ocrx_word' id='word_1_296' title='bbox 481 3860 547 3918; x_wconf 80' lang='lat' dir='ltr'><strong>haec</strong></span> <span class='ocrx_word' id='word_1_297' title='bbox 572 3878 621 3917; x_wconf 88' lang='lat' dir='ltr'><strong>res</strong></span> <span class='ocrx_word' id='word_1_298' title='bbox 645 3858 739 3916; x_wconf 88' lang='lat' dir='ltr'><strong>habet</strong></span> <span class='ocrx_word' id='word_1_299' title='bbox 763 3864 856 3933; x_wconf 91' lang='lat' dir='ltr'><strong>atque</strong></span> <span class='ocrx_word' id='word_1_300' title='bbox 881 3860 912 3915; x_wconf 91' lang='lat' dir='ltr'><strong>in</strong></span> <span class='ocrx_word' id='word_1_301' title='bbox 935 3858 1078 3934; x_wconf 86' lang='lat' dir='ltr'><strong>videndo,</strong></span> <span class='ocrx_word' id='word_1_302' title='bbox 1104 3879 1172 3917; x_wconf 88' lang='lat' dir='ltr'><strong>cum</strong></span> <span class='ocrx_word' id='word_1_303' title='bbox 1196 3861 1267 3935; x_wconf 90' lang='lat' dir='ltr'><strong>quis</strong></span> <span class='ocrx_word' id='word_1_304' title='bbox 1285 3881 1378 3918; x_wconf 92' lang='lat' dir='ltr'><strong>unum</strong></span> <span class='ocrx_word' id='word_1_305' title='bbox 1394 3881 1487 3936; x_wconf 89' lang='lat' dir='ltr'><strong>punc-</strong></span> 
     </span>
     <span class='ocr_line' id='line_1_36' title="bbox 312 3964 1486 4042; baseline 0.003 -22"><span class='ocrx_word' id='word_1_306' title='bbox 312 3970 387 4038; x_wconf 91' lang='lat' dir='ltr'><strong>tum,</strong></span> <span class='ocrx_word' id='word_1_307' title='bbox 412 3966 444 4022; x_wconf 92' lang='grc'><strong>16</strong></span> <span class='ocrx_word' id='word_1_308' title='bbox 468 3965 551 4038; x_wconf 92' lang='lat' dir='ltr'><strong>quod</strong></span> <span class='ocrx_word' id='word_1_309' title='bbox 576 3965 709 4022; x_wconf 89' lang='lat' dir='ltr'><strong>animum</strong></span> <span class='ocrx_word' id='word_1_310' title='bbox 733 3964 879 4039; x_wconf 87' lang='lat' dir='ltr'><strong>intendit,</strong></span> <span class='ocrx_word' id='word_1_311' title='bbox 905 3966 1007 4023; x_wconf 88' lang='lat' dir='ltr'><strong>acrius</strong></span> <span class='ocrx_word' id='word_1_312' title='bbox 1032 3967 1140 4042; x_wconf 89' lang='lat' dir='ltr'><strong>cernit,</strong></span> <span class='ocrx_word' id='word_1_313' title='bbox 1167 3974 1272 4024; x_wconf 88' lang='lat' dir='ltr'><strong>cetera</strong></span> <span class='ocrx_word' id='word_1_314' title='bbox 1289 3971 1400 4039; x_wconf 89' lang='lat' dir='ltr'><strong>autem,</strong></span> <span class='ocrx_word' id='word_1_315' title='bbox 1419 3986 1486 4039; x_wconf 65' lang='lat' dir='ltr'><strong>qua&gt;</strong></span> 
     </span>
     <span class='ocr_line' id='line_1_37' title="bbox 311 4071 1486 4149; baseline 0.002 -22"><span class='ocrx_word' id='word_1_316' title='bbox 311 4072 342 4128; x_wconf 89' lang='lat' dir='ltr'><strong>in</strong></span> <span class='ocrx_word' id='word_1_317' title='bbox 378 4076 576 4148; x_wconf 86' lang='lat' dir='ltr'><strong>conspectum</strong></span> <span class='ocrx_word' id='word_1_318' title='bbox 610 4072 749 4144; x_wconf 85' lang='lat' dir='ltr'><strong>veniunt,</strong></span> <span class='ocrx_word' id='word_1_319' title='bbox 786 4072 965 4129; x_wconf 87' lang='lat' dir='ltr'><strong>obscuriora</strong></span> <span class='ocrx_word' id='word_1_320' title='bbox 1000 4078 1081 4149; x_wconf 91' lang='lat' dir='ltr'><strong>sunt,</strong></span> <span class='ocrx_word' id='word_1_321' title='bbox 1116 4073 1173 4130; x_wconf 85' lang='lat' dir='ltr'><strong>sed</strong></span> <span class='ocrx_word' id='word_1_322' title='bbox 1202 4074 1233 4129; x_wconf 92' lang='lat' dir='ltr'><strong>in</strong></span> <span class='ocrx_word' id='word_1_323' title='bbox 1263 4071 1359 4129; x_wconf 88' lang='lat' dir='ltr'><strong>oculis</strong></span> <span class='ocrx_word' id='word_1_324' title='bbox 1384 4077 1486 4130; x_wconf 87' lang='lat' dir='ltr'><strong>tamen</strong></span> 
     </span>
    </p>
   </div>
   <div class='ocr_carea' id='block_1_6' title="bbox 311 4227 1487 4457">
    <p class='ocr_par' dir='ltr' id='par_1_6' title="bbox 311 4227 1487 4457">
     <span class='ocr_line' id='line_1_38' title="bbox 403 4227 1486 4294; baseline 0 -16"><span class='ocrx_word' id='word_1_325' title='bbox 403 4227 423 4294; x_wconf 79' lang='lat'><strong>¹)</strong></span> <span class='ocrx_word' id='word_1_326' title='bbox 452 4251 483 4275; x_wconf 78' lang='lat' dir='ltr'><strong>roe</strong></span> <span class='ocrx_word' id='word_1_327' title='bbox 504 4229 587 4278; x_wconf 85' lang='lat' dir='ltr'><strong>Dind.</strong></span> <span class='ocrx_word' id='word_1_328' title='bbox 613 4235 641 4277; x_wconf 77' lang='grc'><strong>11</strong></span> <span class='ocrx_word' id='word_1_329' title='bbox 666 4229 723 4279; x_wconf 90' lang='lat' dir='ltr'><strong>alii.</strong></span> <span class='ocrx_word' id='word_1_330' title='bbox 747 4230 935 4278; x_wconf 77' lang='lat' dir='ltr'><strong>Recentioros</strong></span> <span class='ocrx_word' id='word_1_331' title='bbox 956 4237 1052 4279; x_wconf 80' lang='lat' dir='ltr'><strong>tamon</strong></span> <span class='ocrx_word' id='word_1_332' title='bbox 1073 4231 1197 4278; x_wconf 76' lang='lat' dir='ltr'><strong>editores</strong></span> <span class='ocrx_word' id='word_1_333' title='bbox 1217 4229 1346 4293; x_wconf 76' lang='lat' dir='ltr'><strong>plerique</strong></span> <span class='ocrx_word' id='word_1_334' title='bbox 1368 4230 1486 4285; x_wconf 74' lang='lat' dir='ltr'><strong>(Nauck.</strong></span> 
     </span>
     <span class='ocr_line' id='line_1_39' title="bbox 311 4315 1487 4384; baseline 0 -21"><span class='ocrx_word' id='word_1_335' title='bbox 311 4315 505 4383; x_wconf 83' lang='lat' dir='ltr'><strong>Bellermann,</strong></span> <span class='ocrx_word' id='word_1_336' title='bbox 533 4318 666 4381; x_wconf 81' lang='lat' dir='ltr'><strong>Blaydes.</strong></span> <span class='ocrx_word' id='word_1_337' title='bbox 692 4318 831 4381; x_wconf 78' lang='lat' dir='ltr'><strong>Cavallin,</strong></span> <span class='ocrx_word' id='word_1_338' title='bbox 854 4319 1116 4382; x_wconf 63' lang='lat' dir='ltr'><strong>(¹a111pbollJobb)</strong></span> <span class='ocrx_word' id='word_1_339' title='bbox 1138 4340 1165 4384; x_wconf 52' lang='grc' dir='ltr'>Ξ</span> <span class='ocrx_word' id='word_1_340' title='bbox 1185 4321 1357 4381; x_wconf 80' lang='lat' dir='ltr'><strong>scripturam</strong></span> <span class='ocrx_word' id='word_1_341' title='bbox 1380 4319 1487 4365; x_wconf 72' lang='grc'>66111616</span> 
     </span>
     <span class='ocr_line' id='line_1_40' title="bbox 311 4405 569 4457; baseline 0.012 -3"><span class='ocrx_word' id='word_1_342' title='bbox 311 4405 352 4454; x_wconf 84' lang='lat' dir='ltr'><strong>La</strong></span> <span class='ocrx_word' id='word_1_343' title='bbox 371 4408 569 4457; x_wconf 88' lang='lat' dir='ltr'><strong>restituerunt.</strong></span> 
     </span>
    </p>
   </div>
   <div class='ocr_carea' id='block_1_7' title="bbox 0 0 1610 4912">
    <p class='ocr_par' dir='ltr' id='par_1_7' title="bbox 0 0 1610 4912">
     <span class='ocr_line' id='line_1_41' title="bbox 0 0 1610 4912; baseline 0 1"><span class='ocrx_word' id='word_1_344' title='bbox 0 0 1610 4912; x_wconf 95' lang='lat' dir='ltr'><strong> </strong></span> 
     </span>
    </p>
   </div>
  </div>
 </body>
</html>
