3210 4912
1255 257 1295 316 39

169 416 318 494 expedire
354 435 491 474 conarer.
540 415 695 489 Ordinem,
732 435 791 491 quo
827 418 857 472 in
894 417 1080 491 syntecticis
1104 415 1224 475 artibus
1249 416 1341 492 vulgo

168 529 309 597 utuntur,
336 522 535 580 utilissimum
557 523 632 580 mihi
656 524 757 581 visum
781 529 830 580 est
853 524 997 596 retinere,
1022 543 1083 602 non
1107 523 1186 598 quod
1210 543 1247 582 ex
1264 524 1341 600 ipsis

168 632 262 688 rebus
289 629 351 688 alia
375 629 536 688 divisionis
559 631 639 687 ratio
663 630 734 687 elici
757 649 819 687 non
842 637 956 706 posset,
982 629 1039 688 sed
1063 635 1098 687 ut
1121 631 1162 688 ad
1185 631 1341 689 invenien-

168 737 241 795 dum
265 738 365 796 omnia
387 735 531 796 faciliora
555 740 670 795 essent.

284 1001 329 1067 X.
377 1006 426 1065 De
450 1005 706 1065 assimilatione
729 1022 919 1079 comprom.
945 1008 980 1064 in
1006 1007 1222 1065 accusativo.

258 1186 291 1226 α.
337 1165 375 1222 In
407 1185 511 1242 graeca
543 1164 651 1240 lingua
678 1185 738 1223 non
762 1159 863 1223 minus
888 1185 978 1239 quam
1002 1166 1033 1222 in
1058 1165 1129 1223 aliis
1153 1166 1341 1223 assonantiae

170 1282 202 1331 ct
237 1273 446 1331 consonantiae
482 1272 618 1330 studium
655 1278 732 1331 erat.
779 1273 869 1331 Unde
906 1270 1101 1331 defluxerunt
1135 1271 1239 1348 qualia
1269 1278 1343 1330 sunt

168 1382 298 1462 κείρων
321 1377 519 1461 πολύκερων
543 1379 653 1460 φόνον,
677 1379 769 1440 πάλιν
793 1379 886 1440 πάλιν
905 1378 1039 1440 παλαιὸν
1056 1379 1193 1460 ἄλγημα,
1210 1379 1243 1439 ἒν
1260 1379 1342 1458 ξένῳ

169 1486 271 1558 ξένον·
293 1486 392 1565 πέτρᾳ
415 1486 540 1566 πέτρας,
565 1487 737 1566 ξνμπεοὼν
760 1487 860 1567 μόνος
882 1487 1003 1567 μόνοις,
1027 1485 1130 1548 κακὸν
1153 1491 1265 1554 κακῶς
1293 1486 1341 1547 ἕκ-

168 1599 276 1672 ιρῖψαι
299 1593 379 1673 βίον,
402 1592 501 1661 πόνος
523 1592 615 1673 πόνῳ
638 1593 738 1655 πόνον
760 1594 859 1674 φέρει,
884 1613 952 1668 quae
977 1593 1116 1671 exempla
1136 1613 1237 1671 pauca
1252 1593 1340 1650 modo

170 1706 243 1759 sunt
268 1720 306 1759 ex
329 1700 376 1775 iis,
402 1720 471 1775 quae
497 1702 578 1778 apud
603 1699 783 1778 Sophoclem
806 1702 1016 1760 inveniuntur.
1054 1699 1131 1758 Cum
1151 1701 1200 1758 his
1215 1700 1342 1758 locutio-

168 1809 258 1866 nibus
283 1812 415 1885 cognata
438 1813 470 1866 et
494 1828 531 1866 ex
555 1808 664 1866 eadem
689 1807 798 1865 animis
821 1807 976 1866 hominum
995 1806 1103 1864 innata
1117 1808 1341 1883 paronomasia

170 1914 376 1973 delectatione
411 1920 479 1973 orta
506 1914 629 1973 videtur
653 1932 721 1973 esse
745 1912 844 1990 figura
868 1912 1084 1991 etymologica,
1110 1933 1178 1989 quae
1202 1925 1340 1989 vocatur,

169 2042 261 2096 quam
284 2023 398 2080 scimus
422 2023 455 2079 in
479 2041 515 2080 eo
540 2028 694 2096 constare,
719 2026 754 2079 ut
777 2023 905 2080 verbum
928 2041 996 2079 cum
1014 2022 1194 2080 accusativo
1211 2023 1342 2079 nominis

169 2125 307 2204 ejusdem
330 2128 437 2204 stirpis
457 2126 606 2204 jungatur
631 2126 701 2206 (cfr
724 2128 847 2186 Ziemer
869 2148 940 2205 pag.
961 2128 1023 2187 157
1040 2127 1143 2202 sum).
1183 2129 1342 2187 Praeterea

169 2235 234 2292 haec
269 2237 428 2293 structura
463 2235 493 2292 in
525 2234 684 2311 plerisque
714 2235 763 2294 vel
793 2233 926 2293 fortasse
952 2235 1093 2294 omnibus
1116 2235 1341 2312 indoeuropaeis

169 2342 285 2417 linguis
320 2342 487 2417 invenitur,
524 2343 606 2401 unde
638 2342 702 2419 jam
736 2341 960 2417 antiquissimis
984 2343 1175 2420 temporibus
1200 2341 1340 2400 adhiberi

169 2453 280 2525 coepta
303 2467 372 2507 esse
396 2449 522 2508 videtur
548 2450 731 2528 (Delbriiclr
747 2450 833 2526 Synt.
859 2449 987 2508 Forsch.
1013 2450 1060 2508 IV
1075 2470 1145 2526 pag.
1165 2449 1232 2526 31).
1279 2449 1342 2508 Sed

168 2561 349 2632 utcumque
367 2556 415 2614 hae
449 2576 501 2616 res
537 2577 571 2616 se
604 2557 730 2632 habent,
764 2556 797 2614 id
832 2562 937 2615 tamen
966 2562 1084 2615 certum
1108 2563 1156 2615 est
1183 2557 1215 2613 in
1238 2576 1342 2633 graeoa

168 2663 275 2738 lingua
309 2663 393 2726 illam
428 2669 616 2722 structuram
650 2663 801 2741 analogiae
829 2664 881 2722 via
909 2663 941 2720 iu
965 2682 1082 2732 omnem
1106 2668 1227 2739 partem
1250 2664 1341 2722 valde

168 2771 411 2847 percrebruisse,
447 2791 546 2845 neque
580 2772 612 2828 id
637 2771 736 2829 solum
759 2769 864 2848 prisca
888 2769 944 2828 illa
968 2770 1133 2828 Homerica
1158 2775 1260 2845 atate,
1285 2770 1341 2828 sed

167 2897 228 2934 non
252 2878 352 2935 minus
374 2879 600 2954 posterioribus
625 2879 826 2955 temporibus,
850 2879 903 2936 ubi
927 2877 1017 2935 attici
1040 2877 1208 2953 scriptores
1224 2877 1256 2933 in
1271 2876 1340 2933 lite-

168 2984 211 3042 ris
243 2983 407 3061 plurimum
439 2984 596 3044 valebant.
643 2986 685 3042 Et
712 2991 747 3043 ut
770 2983 1042 3059 frequentissimus
1066 3003 1141 3042 usus
1166 2983 1234 3060 ejus
1259 2983 1340 3060 apud

168 3088 351 3168 Sophoclem
374 3097 424 3150 est
450 3091 590 3170 (Campb.
615 3091 685 3150 Ess.
712 3112 750 3150 on
775 3092 827 3150 the
852 3091 950 3165 Lang.
975 3110 1046 3168 pag.
1065 3091 1132 3168 24),
1153 3090 1197 3148 ita
1214 3089 1340 3148 utilissi-

167 3218 249 3255 mum
271 3198 345 3255 mihi
368 3198 491 3257 videtur
514 3219 606 3273 quam
629 3197 763 3277 plurima
781 3199 898 3275 possim
915 3197 1052 3275 exempla
1069 3218 1106 3256 ex
1123 3198 1208 3256 illius
1224 3196 1340 3256 fabulis

167 3305 198 3362 in
233 3304 367 3363 inedium
399 3304 552 3383 proferre,
570 3325 641 3380 ,quo
666 3304 791 3363 facilius
814 3304 1020 3386 intelligatur,
1047 3325 1107 3380 qua
1130 3307 1250 3363 ratione
1273 3304 1340 3362 fieri

167 3413 312 3488 potuerit,
336 3418 371 3471 ut
394 3420 558 3490 tantopere
583 3432 659 3471 usus
683 3412 878 3471 dilataretur.

243 3523 281 3578 ’1.
328 3519 539 3578 Accusativus
562 3522 659 3596 stirpe
684 3522 842 3596 cognatus.
882 3521 988 3579 Pauca
1003 3519 1092 3576 modo
1110 3518 1250 3595 exempla
1267 3516 1339 3576 affe-

141 3674 145 3683 .
168 3646 242 3685 ram.
290 3625 371 3685 Phil.
392 3628 433 3685 ὅθ
457 3623 569 3709 ἔχθος
591 3626 733 3706 ἕχθήρας
756 3625 846 3706 μέγα.
894 3627 968 3683 Αιιῖ.
989 3627 1073 3684 1045
1091 3645 1115 3683 θ.
1138 3625 1283 3685 πίπτουσι
1298 3663 1310 3672 -
1326 3663 1338 3672 -

167 3728 321 3814 πτώματ’
357 3733 479 3812 αἰσχρά.
527 3732 575 3793 El.
602 3735 666 3791 210
689 3734 819 3813 ποίνιμα
848 3730 971 3795 madia
997 3732 1113 3793 ποθεῖν
1140 3731 1240 3810 πόροι.
1287 3730 1338 3790 Ai.

169 3840 231 3897 317
268 3839 441 3920 ἐξῴμωξεν
476 3841 629 3923 οἰμωγὰς
660 3839 785 3919 λυγράς.
832 3840 910 3897 Phil.
937 3841 1000 3898 276
1026 3859 1050 3899 s.
1080 3839 1174 3900 ποίοιν
1196 3840 1231 3918 μ’
1255 3839 1339 3899 ἀνά-

168 3964 287 4008 στασιν
316 3946 420 4013 δοκεῖς
433 3985 446 3994 -
461 3985 474 3994 -
489 3985 502 3994 -
524 3952 647 4026 οτῆναι,·
681 3947 726 4006 Ut
755 3966 792 4005 ex
815 3947 863 4003 his
888 3945 1035 4022 exemplis
1058 3946 1193 4004 vidimus
1217 3950 1248 4003 et
1272 3945 1339 4009 siue

168 4051 207 4111 iis
231 4055 355 4128 scimus,
374 4055 570 4112 accusativus
585 4053 767 4130 plerumque
785 4053 936 4111 attributo
955 4053 1056 4128 aliquo
1073 4054 1244 4110 instructus
1260 4056 1338 4125 erat,

168 4163 203 4218 ut
236 4168 322 4219 certa
355 4160 459 4235 aliqua
486 4162 607 4238 species
636 4159 703 4237 ejus
728 4161 860 4219 actionis
885 4169 939 4217 aut
963 4166 1075 4233 status,
1101 4178 1189 4234 quem
1213 4159 1339 4222 verbum

168 4265 369 4344 significaret,
395 4267 433 4326 ab
458 4266 527 4325 aliis
550 4265 659 4326 formis
684 4265 914 4325 discerneretur
939 4265 999 4345 (cfr
1022 4266 1144 4343 gram).
1187 4265 1265 4336 Qua
1289 4283 1339 4331 res

167 4373 319 4451 quomodo
342 4373 439 4435 multa
463 4379 495 4435 et
518 4394 597 4437 nova
621 4374 786 4453 creaverit,
811 4371 892 4437 infra
916 4373 1098 4440 videbimus.
